Date,Brand Name,Country,Gross Sales,Net Sales,Total Sales,Total Ad SpendÂ ,Order Count,Return Amount
12/1/2023,Brand A,India,741965,81590,84590,7731,16,84765
12/1/2023,Brand B,India,436999.88,397480.7,437840,6549,30,11964
12/1/2023,Brand B,India,356610.67,326684.67,361550,4583,19,6671
12/1/2023,Brand C,India,313971.46,313971.46,332050,3610,28,5420
12/1/2023,Brand A,India,280979,280979,280979,8287,6,9958
12/1/2023,Brand C,India,262608.21,259382.71,268804.5,5695,13,13419
12/1/2023,Brand C,India,252746.26,246346.26,261310,8451,20,8032
12/1/2023,Brand C,India,243776.01,243776.01,254820,5643,10,18609
12/1/2023,Brand D,Canada,239000,215500,223000,6933,2,16875
12/2/2023,Brand C,Canada,236000.37,232000.37,250960,8257,15,19329
12/2/2023,Brand C,Canada,225748.2,203965.15,224138,4168,24,5782
12/2/2023,Brand D,Canada,224000,130500,130500,3001,3,2669
12/2/2023,Brand C,Canada,219380.73,219380.73,233140,5467,19,588
12/2/2023,Brand A,Canada,214300,114120,117120,3417,9,14175
12/2/2023,Brand C,Canada,206491.95,202405.38,224093,4030,20,12431
12/2/2023,Brand C,Canada,201630.71,185819.47,200208,7077,15,6164
12/2/2023,Brand C,Canada,199589.99,183699.28,190400,8577,15,4938
12/2/2023,Brand C,Canada,198985.24,190880.24,211130,8563,18,1626
12/2/2023,Brand D,Canada,196000,196000,211500,3910,3,17310
12/3/2023,Brand C,Canada,191489.27,188242.27,196673,7099,15,10962
12/3/2023,Brand D,Canada,191000,162350,177350,8025,1,13476
12/3/2023,Brand C,Canada,186851.77,154678.05,170281,4971,15,326
12/3/2023,Brand C,Canada,185643.94,183024.37,193468.5,6828,14,5516
12/3/2023,Brand C,Canada,184492.48,184492.48,196190,4757,12,17969
12/3/2023,Brand C,Canada,183967.44,183967.44,201220,7624,29,11746
12/3/2023,Brand C,Canada,182169.7,178616.13,194460,7810,18,17691
12/3/2023,Brand C,Canada,179846.77,175400.35,181170,8065,13,1679
12/3/2023,Brand A,Kuwait,179479,11060,11060,8571,2,14530
12/4/2023,Brand C,Kuwait,179065.69,159414.56,169254,7484,13,18439
12/4/2023,Brand C,Kuwait,179010.85,148278.71,155450,6445,8,9033
12/4/2023,Brand C,Kuwait,177765.56,164930.73,178553,8999,21,7656
12/4/2023,Brand C,Kuwait,175741.97,169844.37,184947,5527,18,14300
12/4/2023,Brand C,Kuwait,175687.19,159213.94,172100,3261,15,5620
12/4/2023,Brand C,Kuwait,174384.05,174384.05,194710,5976,22,19557
12/4/2023,Brand C,Kuwait,174326.44,174326.44,187760,4613,20,9905
12/4/2023,Brand C,Kuwait,170846.42,170846.42,186220,4793,18,9665
12/4/2023,Brand C,Kuwait,166889.21,166889.21,182890,6083,16,16398
12/5/2023,Brand B,Kuwait,166253.54,141378.58,153670,7915,15,144
12/5/2023,Brand C,Kuwait,165215.99,160853.14,179933.6,3241,25,7097
12/5/2023,Brand D,Kuwait,165000,152000,156000,4626,2,19278
12/5/2023,Brand C,Kuwait,164854.97,164056.97,179882,7446,27,14771
12/5/2023,Brand D,Kuwait,164000,164000,175500,5187,2,4391
12/5/2023,Brand C,Kuwait,159851.94,154130.37,167732,6271,16,11414
12/5/2023,Brand D,Kuwait,158000,158000,158000,3247,2,8796
12/5/2023,Brand D,Kuwait,158000,77400,86300,6719,2,6864
12/5/2023,Brand C,Kuwait,157908.2,154910.2,164612,4084,11,13933
12/6/2023,Brand C,Kuwait,154647.87,154647.87,163140,4497,12,8014
12/6/2023,Brand C,India,154336.19,151441.19,162045,3190,20,11648
12/6/2023,Brand A,India,153648,92868,95868,8883,8,15362
12/6/2023,Brand C,India,153320.7,153320.7,163030,5353,19,1887
12/6/2023,Brand C,India,152630.66,150862.81,168980,4370,20,16338
12/6/2023,Brand C,India,151952.87,132759.58,135761,6593,11,18410
12/6/2023,Brand C,India,151938.24,146815.38,162430,6807,20,9656
12/6/2023,Brand C,India,151376.31,151376.31,160240,6486,12,10119
12/6/2023,Brand B,India,149576.2,105508.47,124500,7700,2,4162
12/7/2023,Brand C,India,149329.99,145803.2,158780,8060,13,18378
12/7/2023,Brand C,India,148905.36,148905.36,165540,7796,14,13089
12/7/2023,Brand C,India,148314.65,130341.43,147390,7193,15,5008
12/7/2023,Brand C,India,147735,114755,121960,8339,11,774
12/7/2023,Brand C,India,147647.72,147647.72,159380,4053,10,4956
12/7/2023,Brand C,India,147048.53,142904.83,152949,4150,11,5641
12/7/2023,Brand E,India,146940,146940,151440,4273,10,8568
12/7/2023,Brand A,India,146652,136572,136572,7036,12,19132
12/7/2023,Brand C,India,146176.24,139274.46,146040,5284,16,17660
12/7/2023,Brand D,India,144000,133000,144500,4291,2,15513
12/8/2023,Brand D,India,143800,143800,143800,8430,2,16986
12/8/2023,Brand D,India,142200,142200,150200,8990,3,8543
12/8/2023,Brand C,India,140118.93,140118.93,145710,3283,14,7885
12/8/2023,Brand C,India,139944.54,136390.97,150400,6400,14,6246
12/8/2023,Brand C,India,139387.85,139387.85,158010,6136,19,17053
12/8/2023,Brand C,India,138240.7,124603.22,136636,5686,10,19228
12/8/2023,Brand C,India,137615.35,135838.58,150130,8250,14,3004
12/8/2023,Brand D,India,137000,117050,133050,4685,3,17440
12/9/2023,Brand E,India,134200,134200,141900,4423,11,12450
12/9/2023,Brand C,India,134136.43,134136.43,148400,5316,12,7941
12/9/2023,Brand C,India,133980,133980,147540,6335,10,3938
12/9/2023,Brand A,India,133790,59751,59751,7196,7,6507
12/9/2023,Brand C,India,132971.07,132971.07,139300,7341,9,16479
12/9/2023,Brand C,India,132713.42,132713.42,136600,6485,9,9989
12/9/2023,Brand C,India,132408.62,127990.33,135038.5,6791,11,5029
12/9/2023,Brand C,India,131982.5,130646.79,139074,3600,14,6591
12/9/2023,Brand C,India,131925.78,123282.93,136660,6010,19,15592
12/10/2023,Brand C,India,131904.64,131904.64,141030,8022,7,7025
12/10/2023,Brand C,India,131599.65,130704.65,141905,8904,13,11858
12/10/2023,Brand B,India,131310.69,87232.58,99032.5,7563,8,1431
12/10/2023,Brand C,India,130707.99,130707.99,144260,3443,20,18952
12/10/2023,Brand E,India,130220,91420,92420,5493,11,12363
12/10/2023,Brand C,India,129997.86,129997.86,137020,5219,12,12612
12/10/2023,Brand C,India,129946.07,129946.07,141330,3192,17,1842
12/10/2023,Brand C,India,129627.85,125745.72,141152,4835,18,3239
12/10/2023,Brand C,India,129198.93,127842.7,140331,6488,16,15935
12/11/2023,Brand C,India,128787.87,128787.87,143060,7480,11,11634
12/11/2023,Brand C,India,128344.29,128344.29,139100,6670,13,10430
12/11/2023,Brand C,India,128193.92,124547.92,133694,5680,15,19089
12/11/2023,Brand C,India,128074.14,128074.14,131540,5914,10,19546
12/11/2023,Brand C,India,127894.27,127894.27,140670,8638,14,26
12/11/2023,Brand E,India,127300,127300,127800,6330,7,1287
12/11/2023,Brand D,India,127000,123600,123600,3941,2,5744
12/11/2023,Brand C,India,126676.08,119305.22,128657,7385,14,9759
12/12/2023,Brand C,India,126455.25,126455.25,136680,6567,15,17446
12/12/2023,Brand C,India,125676.16,120327.95,129370,7515,13,19587
12/12/2023,Brand C,India,125215,125215,135280,8572,16,3951
12/12/2023,Brand C,India,124752.51,121190.01,134290,5327,20,510
12/12/2023,Brand E,India,124440,124440,129940,4473,12,11717
12/12/2023,Brand C,India,122822.5,122822.5,128830,6059,8,2406
12/12/2023,Brand C,India,121284.27,121284.27,133690,4888,17,3565
12/12/2023,Brand A,India,121271.36,102936.36,109335,8647,9,10477
12/12/2023,Brand C,India,121120.32,101312.32,109122,7603,11,8426
12/13/2023,Brand C,India,120852.15,116858.15,125216,6638,12,16530
12/13/2023,Brand D,India,119000,112200,119700,5759,2,12008
12/13/2023,Brand D,India,118800,110000,122000,6710,3,1242
12/13/2023,Brand C,India,118674.63,117871.96,127221,5584,12,1348
12/13/2023,Brand B,India,118621.56,98268.37,110730,7207,9,1592
12/13/2023,Brand C,India,117686.08,114381.08,122205,6180,13,2451
12/13/2023,Brand E,India,117404,117404,124502,8017,10,11486
12/13/2023,Brand C,India,117042.84,106141.24,114290.2,4749,15,6404
12/13/2023,Brand E,India,116420,116420,118420,4434,12,17680
12/13/2023,Brand C,India,115807.86,98689.12,104187,7586,8,16497
12/14/2023,Brand C,India,115801.42,115801.42,130200,3183,18,19682
12/14/2023,Brand C,India,115394.28,115394.28,128090,6878,13,6760
12/14/2023,Brand E,India,115380,115380,117380,3437,9,5296
12/14/2023,Brand C,India,114744.49,114744.49,118880,3274,11,15092
12/14/2023,Brand C,India,114648.92,111557.92,118269,8876,11,13222
12/14/2023,Brand C,India,114582.16,114582.16,125600,8181,12,14745
12/14/2023,Brand D,India,114500,114500,119500,8172,2,12625
12/14/2023,Brand C,India,114483.57,112690.57,126937,3472,14,13599
12/14/2023,Brand C,India,114117.86,114117.86,122130,7969,10,15407
12/15/2023,Brand C,India,113458.22,111760.22,125002,8821,14,7487
12/15/2023,Brand C,India,112296.59,91406.61,100230,8614,14,10082
12/15/2023,Brand A,India,111850,106030,106030,5940,5,2146
12/15/2023,Brand E,India,111800,111800,113300,5556,11,3402
12/15/2023,Brand E,India,111720,111720,115720,3033,7,17446
12/15/2023,Brand C,India,111636.77,91656.77,98530,7278,13,15401
12/15/2023,Brand C,India,111470.54,102559.84,112030,5581,20,795
12/15/2023,Brand A,India,111400,100260,100260,4497,4,60
12/15/2023,Brand C,India,111038.57,111038.57,118200,4733,14,16473
12/15/2023,Brand C,India,110572.85,108358.56,117080,8790,11,13822
12/16/2023,Brand A,India,110565,57388.5,57388.5,6241,4,10539
12/16/2023,Brand C,India,109851.08,109851.08,122490,3869,11,393
12/16/2023,Brand A,India,109690,47327,47327,5656,5,2627
12/16/2023,Brand C,India,108699.74,108699.74,122540,3999,16,17435
12/16/2023,Brand C,India,108140.7,108140.7,116380,5817,13,15811
12/16/2023,Brand C,India,107574.33,105301.12,116444,5151,10,19544
12/16/2023,Brand C,India,107304.28,104162.28,113898,4284,13,2611
12/16/2023,Brand C,India,106767.14,104426.14,114429,8681,9,5330
12/16/2023,Brand C,India,106536.04,101964.64,112070,5928,11,11894
12/16/2023,Brand C,India,105904.65,99350.14,108438,8038,13,3232
12/17/2023,Brand C,India,105066.46,105066.46,118330,8317,12,19551
12/17/2023,Brand B,India,104910.67,70390.62,78837.5,4009,4,1924
12/17/2023,Brand A,India,104106,92095.1,92095.1,3667,9,11531
12/17/2023,Brand D,India,104000,104000,104000,6572,1,3986
12/17/2023,Brand A,India,103800,94860,94860,5068,2,5775
12/17/2023,Brand C,India,103646.82,103646.82,117820,5930,9,4680
12/17/2023,Brand D,India,102100,92140,99640,3489,3,9028
12/17/2023,Brand D,India,102000,91800,99300,8763,1,16804
12/17/2023,Brand C,India,101634.3,88713.59,96850,7004,13,3305
12/18/2023,Brand C,India,101299.99,101299.99,113100,5055,16,4412
12/18/2023,Brand C,India,101067.49,101067.49,106190,5919,10,7277
12/18/2023,Brand C,India,101048.98,98308.98,110400,3026,13,6514
12/18/2023,Brand C,India,100358.76,100358.76,109460,5674,11,10960
12/18/2023,Brand D,India,100000,100000,112000,4032,2,11473
12/18/2023,Brand C,India,99288.93,91143.07,95867,4665,10,3367
12/18/2023,Brand D,India,99000,89100,96600,8618,1,5697
12/18/2023,Brand C,India,98739.64,97400.36,102780,8482,15,6316
12/18/2023,Brand C,India,98151.78,98151.78,109930,5226,12,9321
12/18/2023,Brand C,India,97394.04,80414.04,89840,8774,15,1846
12/19/2023,Brand A,India,97368,97368,97368,4770,7,16831
12/19/2023,Brand C,India,97293.44,97293.44,113250,5139,14,13178
12/19/2023,Brand C,India,96492.51,96492.51,110580,8220,15,3336
12/19/2023,Brand C,India,96471.07,96024.65,108350,7666,17,1192
12/19/2023,Brand B,India,95338.97,78220.35,104300,8497,9,15264
12/19/2023,Brand A,India,95268,84908,87908,4246,5,796
12/19/2023,Brand C,India,93693.21,86053.04,94585,5933,15,17222
12/19/2023,Brand E,India,93460,93460,93460,4378,6,18682
12/20/2023,Brand C,India,93354.3,93354.3,102290,3877,12,613
12/20/2023,Brand A,India,92365,89642,89642,7187,8,9761
12/20/2023,Brand A,India,92033,85730.5,91730.5,4179,4,11902
12/20/2023,Brand D,India,92000,92000,92000,5896,2,1596
12/20/2023,Brand E,India,91264,91264,92764,6319,6,3370
12/20/2023,Brand D,India,91000,77350,85350,8520,3,1303
12/20/2023,Brand A,India,90165,69885,69885,4180,7,2595
12/20/2023,Brand E,India,90120,90120,92620,7301,10,18593
12/20/2023,Brand C,India,89827.51,79568.59,85770,5495,12,768
12/21/2023,Brand C,India,89663.21,89663.21,101170,7149,12,1700
12/21/2023,Brand B,India,89614.29,82917.86,91200,4907,5,8539
12/21/2023,Brand A,India,89598,-141962,-141962,4438,5,14053
12/21/2023,Brand D,India,89500,80550,80550,6700,1,11391
12/21/2023,Brand D,India,89000,89000,96500,6946,1,1520
12/21/2023,Brand C,India,88108.54,87013.54,95465,6226,13,6853
12/21/2023,Brand D,India,88000,74800,78800,7970,2,386
12/21/2023,Brand D,India,87500,84750,84750,3986,2,1527
12/21/2023,Brand A,India,87245,58395.75,58395.75,6963,3,10658
12/21/2023,Brand C,India,86957.99,86957.99,91520,6558,10,17107
12/22/2023,Brand C,India,86851.52,79210.82,85650,6079,9,18473
12/22/2023,Brand B,India,86846.41,59749.98,66920,5806,5,7929
12/22/2023,Brand C,India,86834.98,82861.77,87890,6126,12,4415
12/22/2023,Brand C,India,86636.19,83263.32,95040,6200,11,16384
12/22/2023,Brand E,India,86420,86420,89920,7605,8,14836
12/22/2023,Brand E,India,85480,85480,88980,6925,10,1431
12/22/2023,Brand C,India,85416.79,82872.79,91396,3163,10,3312
12/22/2023,Brand C,India,84917.07,84917.07,92420,7616,11,15985
12/22/2023,Brand B,India,84464.25,67839.28,75980,8154,8,5658
12/22/2023,Brand D,India,84450,84450,91950,7097,1,3800
12/23/2023,Brand C,India,84363.21,84363.21,91640,3646,10,9923
12/23/2023,Brand C,India,83699.31,78360.02,84960,6782,14,387
12/23/2023,Brand A,India,83549,62345.22,62345.22,8662,6,2329
12/23/2023,Brand E,India,82860,82860,86860,7390,7,6191
12/23/2023,Brand A,India,82806,82806,85806,8236,10,19654
12/23/2023,Brand E,India,82340,82340,83340,7220,6,16659
12/23/2023,Brand C,India,82031.07,82031.07,92010,4969,9,1023
12/23/2023,Brand C,India,81515.74,81515.74,92700,5172,11,1789
12/23/2023,Brand A,India,81448,62546.31,67063.64,5749,6,9273
12/23/2023,Brand C,India,81131.43,77641.43,81780,4512,8,8275
12/24/2023,Brand D,India,81000,77400,86400,4312,2,9643
12/24/2023,Brand C,India,80554.99,80554.99,90730,4538,7,17462
12/24/2023,Brand E,India,80040,80040,80040,5255,5,6884
12/24/2023,Brand C,India,79980.71,76453.92,86620,7989,9,11116
12/24/2023,Brand C,India,79879.75,72594.11,76194,4092,7,19495
12/24/2023,Brand E,India,79780,79780,83280,8433,5,9687
12/24/2023,Brand E,India,79660,79660,81160,5282,6,124
12/24/2023,Brand D,India,79000,67150,67150,7839,2,11385
12/25/2023,Brand C,India,78973.2,78973.2,88450,5983,9,6183
12/25/2023,Brand D,India,78000,78000,86500,5906,2,18531
12/25/2023,Brand E,India,77500,77500,89750,7201,7,5569
12/25/2023,Brand D,India,77000,69300,73300,8171,2,5326
12/25/2023,Brand B,India,76950.84,40825.67,46422.5,6279,7,4456
12/25/2023,Brand C,India,76797.8,75797.8,81000,4760,9,10138
12/25/2023,Brand C,India,76716.85,75290.07,84782,8101,13,1627
12/26/2023,Brand C,India,76562.49,76562.49,85750,7459,16,18785
12/26/2023,Brand C,India,76255,76255,83760,5479,9,5121
12/26/2023,Brand E,India,76180,76180,77180,6402,5,2947
12/26/2023,Brand B,India,76088.4,73990.19,85650,3840,4,19655
12/26/2023,Brand E,India,75760,75760,80260,5468,6,1062
12/26/2023,Brand E,India,75440,75440,78940,8295,5,8659
12/26/2023,Brand E,India,75340,75340,77840,3935,5,5801
12/26/2023,Brand C,India,75264.96,61159.62,68752,5541,11,13576
12/27/2023,Brand C,India,75107.14,75107.14,84120,6072,11,1934
12/27/2023,Brand C,India,74751.42,74751.42,84800,3718,9,19786
12/27/2023,Brand B,India,74703.38,60381.36,71250,6446,4,17099
12/27/2023,Brand E,India,73940,73940,73940,6590,6,7023
12/27/2023,Brand B,India,73928.56,39241.06,43950,6354,5,13340
12/27/2023,Brand A,India,73916,45918,45918,5433,3,19960
12/27/2023,Brand C,India,73688.78,73688.78,80270,4003,9,3351
12/27/2023,Brand C,India,73674.29,73674.29,80060,8134,7,8768
12/27/2023,Brand D,India,73000,73000,81000,6111,2,7960
12/28/2023,Brand A,India,72835,41665,41665,5584,3,10728
12/28/2023,Brand A,India,72365,23597,23597,7238,5,12756
12/28/2023,Brand B,India,70714.28,58303.57,65300,7241,4,12212
12/28/2023,Brand C,India,70517.85,55357.14,62000,6236,9,15727
12/28/2023,Brand E,India,70000,70000,71500,7981,5,19796
12/28/2023,Brand D,India,70000,59500,67500,6288,1,4818
12/28/2023,Brand E,India,69500,69500,70500,5198,10,12735
12/28/2023,Brand E,India,69380,69380,73380,5536,8,6324
12/28/2023,Brand E,India,69360,69360,71360,7947,7,3828
12/29/2023,Brand A,India,69113,69113,72113,6583,3,10600
12/29/2023,Brand A,India,69074,69074,72074,3960,6,7923
12/29/2023,Brand D,India,69000,69000,76500,3288,1,10798
12/29/2023,Brand A,India,68945.07,62660.74,65736,3406,2,7277
12/29/2023,Brand E,India,68080,68080,70580,7287,9,19808
12/29/2023,Brand C,India,68029.32,68029.32,73760,4468,11,9962
12/29/2023,Brand C,India,67491.08,67491.08,75590,5292,15,18633
12/29/2023,Brand E,India,67380,67380,70380,3349,6,4849
12/30/2023,Brand C,India,67227.85,67227.85,76960,8263,11,751
12/30/2023,Brand E,India,67020,67020,74280,3451,5,16998
12/30/2023,Brand D,India,67000,60300,68300,8296,2,8003
12/30/2023,Brand E,India,66220,66220,68720,7560,8,6799
12/30/2023,Brand E,India,65640,65640,67640,5129,5,17089
12/30/2023,Brand C,India,65305.83,65305.83,67980,7400,8,756
12/30/2023,Brand C,India,65238.92,65238.92,74170,3501,12,6370
12/30/2023,Brand E,India,65180,65180,67180,5406,6,817
12/30/2023,Brand B,India,64910.71,43571.43,48800,5404,6,11308
12/31/2023,Brand E,India,64600,64600,69198,5691,7,11465
12/31/2023,Brand C,India,64363.62,64363.62,68630,8347,11,16202
12/31/2023,Brand E,India,64360,64360,65860,7642,7,2044
12/31/2023,Brand E,India,64300,64300,67800,5837,5,19087
12/31/2023,Brand A,India,64108,21292.05,21292.05,5295,5,17897
12/31/2023,Brand D,India,64000,57600,57600,6984,1,16309
12/31/2023,Brand E,India,63720,63720,64720,7412,7,3635
1/1/2024,Brand A,India,63559,63559,63559,7797,6,911
1/1/2024,Brand E,India,63500,63500,63500,3118,4,10320
1/1/2024,Brand E,India,63400,63400,64400,5704,6,3143
1/1/2024,Brand C,India,62900.73,62900.73,72200,3217,8,4290
1/1/2024,Brand A,India,62799,61535,64535,4078,4,7786
1/1/2024,Brand E,India,62400,62400,63900,4918,6,17198
1/1/2024,Brand B,India,62139.81,50532.84,59628.75,8192,5,8371
1/1/2024,Brand D,India,62000,62000,69500,3206,1,16297
1/1/2024,Brand B,India,61549.99,44175,47640,4638,5,16370
1/2/2024,Brand E,India,61500,61500,62000,3696,6,2667
1/2/2024,Brand E,India,61420,61420,63420,8693,5,19147
1/2/2024,Brand C,India,61386.78,61386.78,67040,5064,8,7892
1/2/2024,Brand C,India,61240.01,57691.01,60781,4632,4,15561
1/2/2024,Brand C,India,61232.18,55964.66,59810,3723,8,1148
1/2/2024,Brand A,India,61215,37905,37905,3141,2,15702
1/2/2024,Brand A,India,61178,48159,48159,8815,4,7114
1/2/2024,Brand C,India,60843.21,60843.21,69230,7652,7,1323
1/3/2024,Brand B,India,60593.16,42775.41,51975,4728,8,7880
1/3/2024,Brand B,India,60169.48,43135.59,50900,8950,6,7259
1/3/2024,Brand E,India,60160,60160,63160,3094,6,10845
1/3/2024,Brand E,India,60160,26180,26180,8284,3,19449
1/3/2024,Brand C,India,59815.01,59815.01,61840,4361,8,19742
1/3/2024,Brand E,India,59740,59740,59740,7426,7,11715
1/3/2024,Brand C,India,59577.55,59577.55,62210,6866,7,2336
1/3/2024,Brand E,India,59280,59280,59280,3048,5,7006
1/3/2024,Brand A,India,58940,-5318,-2318,7839,4,9400
1/4/2024,Brand B,India,58839.28,58035.71,65000,4854,4,7142
1/4/2024,Brand C,India,58783.56,58783.56,66760,6173,9,3310
1/4/2024,Brand E,India,58760,58760,62260,7338,7,2381
1/4/2024,Brand C,India,58738.94,58738.94,66290,3603,8,17660
1/4/2024,Brand A,India,58650,52785,52785,4906,5,3899
1/4/2024,Brand A,India,58435.58,49222.03,53780,7348,5,12557
1/4/2024,Brand A,India,58219.49,53719.49,56099,8289,2,1080
1/4/2024,Brand C,India,58026.78,50866.78,53960,5007,8,3825
1/4/2024,Brand A,India,57875,23512.5,26512.5,6488,3,4969
1/5/2024,Brand C,India,57593.93,49576.07,52830,6048,8,11998
1/5/2024,Brand E,India,57240,57240,59240,7493,5,9900
1/5/2024,Brand E,India,57240,57240,59240,6341,6,1933
1/5/2024,Brand B,India,57203.38,49194.9,58050,5147,3,19117
1/5/2024,Brand B,India,57023.33,-24503.46,-26410,5691,3,13289
1/5/2024,Brand B,India,56964.26,45736.6,51225,5104,4,15598
1/5/2024,Brand B,India,56919.64,47350.45,53032.5,5065,6,11941
1/5/2024,Brand D,India,56600,56600,60600,6957,2,6580
1/5/2024,Brand E,India,56520,56520,58020,7224,8,13290
1/6/2024,Brand A,India,56489,51932,51932,4259,3,15848
1/6/2024,Brand B,India,56355.92,53093.22,62650,8800,5,9236
1/6/2024,Brand E,India,56020,56020,58020,3209,6,10185
1/6/2024,Brand E,India,56000,56000,57000,4718,7,5119
1/6/2024,Brand A,India,55972,55972,58972,7750,5,65
1/6/2024,Brand A,India,55849,52730,55730,3537,4,3303
1/6/2024,Brand E,India,55360,55360,55860,8412,6,16181
1/6/2024,Brand A,India,55350,49815,49815,8002,3,13010
1/6/2024,Brand D,India,55000,49500,53500,5646,1,15577
1/7/2024,Brand C,India,54806.31,54806.31,62220,4613,8,16934
1/7/2024,Brand C,India,54774.91,53728.91,62144,8859,9,18505
1/7/2024,Brand A,India,54450,54450,54450,4491,4,3808
1/7/2024,Brand E,India,54280,54280,54780,4928,4,10665
1/7/2024,Brand D,India,54000,54000,54000,4248,1,11049
1/7/2024,Brand E,India,53960,53960,57058,6599,6,7835
1/7/2024,Brand E,India,53820,53820,54320,5496,6,15715
1/7/2024,Brand B,India,53778.74,44292.52,53275,8330,4,10173
1/7/2024,Brand E,India,53680,53680,57180,8931,2,7053
1/8/2024,Brand C,India,53630.35,51237.49,54890,7788,7,12483
1/8/2024,Brand E,India,53580,53580,56080,3555,7,15746
1/8/2024,Brand C,India,53397.49,53397.49,60610,7368,9,11621
1/8/2024,Brand B,India,53389.84,34491.53,40700,4572,4,18546
1/8/2024,Brand A,India,53284.31,48818.39,54255,7284,3,2020
1/8/2024,Brand E,India,53120,53120,54120,8880,5,11401
1/8/2024,Brand E,India,53080,53080,55580,3997,5,10226
1/8/2024,Brand D,India,53000,53000,60000,7166,1,17287
1/8/2024,Brand E,India,52980,52980,52980,6954,6,6541
1/8/2024,Brand B,India,52499.99,26705.36,29910,8630,4,19139
1/9/2024,Brand E,India,52320,52320,53820,8507,7,9736
1/9/2024,Brand E,India,52180,52180,52180,7738,7,4543
1/9/2024,Brand D,India,52000,44200,48200,5376,1,4517
1/9/2024,Brand B,India,51907.14,18612.72,18725,4642,4,12531
1/9/2024,Brand A,India,51798,51798,51798,4110,3,12638
1/9/2024,Brand C,India,51686.43,51686.43,55090,6572,6,18190
1/9/2024,Brand B,India,51517.85,47026.79,52670,5580,5,10454
1/9/2024,Brand B,India,51271.17,30805.09,55350,3253,4,16336
1/9/2024,Brand A,India,51199,42359,42359,3239,4,8118
1/9/2024,Brand A,India,51099.6,48284.64,51284.64,7078,4,18455
1/10/2024,Brand E,India,51040,51040,51040,3103,7,9894
1/10/2024,Brand A,India,51031,27790,27790,5128,4,19245
1/10/2024,Brand E,India,51020,51020,52020,6752,5,9016
1/10/2024,Brand B,India,50478.56,46820.71,49270,4275,3,706
1/10/2024,Brand E,India,50360,50360,52360,4949,4,3790
1/10/2024,Brand A,India,50259,50259,50259,7408,5,7664
1/10/2024,Brand A,India,49978,39618,39618,7190,5,10106
1/10/2024,Brand E,India,49940,49940,52440,8628,7,2408
1/10/2024,Brand A,India,49897,23087,23087,7054,4,16854
1/10/2024,Brand E,India,49620,49620,50620,7131,5,15676
1/11/2024,Brand C,India,49608.13,45777.77,46230,4819,4,9137
1/11/2024,Brand B,India,49464.29,29375,32900,4911,5,3163
1/11/2024,Brand E,India,49450,49450,50450,3538,6,15233
1/11/2024,Brand A,India,49425,27225,27225,7654,4,2181
1/11/2024,Brand C,India,49055.01,49055.01,55780,8482,8,9410
1/11/2024,Brand D,India,49000,49000,53000,3970,1,1719
1/11/2024,Brand D,India,48800,44620,44620,5436,1,7703
1/11/2024,Brand A,India,48650,40554,40554,6821,4,5236
1/11/2024,Brand E,India,48440,48440,49440,4231,7,8021
1/11/2024,Brand B,India,48305.1,23728.82,28000,6524,4,11874
1/12/2024,Brand E,India,48260,48260,48760,3611,7,11521
1/12/2024,Brand E,India,47920,47920,50420,6787,5,5726
1/12/2024,Brand D,India,47500,47500,51500,7447,1,7490
1/12/2024,Brand D,India,47500,42750,46750,4725,1,10409
1/12/2024,Brand C,India,47456.98,47456.98,55050,6391,9,9220
1/12/2024,Brand B,India,47321.41,42633.92,49250,8769,4,17778
1/12/2024,Brand B,India,47288.14,47288.14,55800,4385,1,10113
1/12/2024,Brand A,India,47284.32,27749.36,29767.5,6871,4,14492
1/12/2024,Brand E,India,47000,47000,48000,8830,4,5803
1/12/2024,Brand D,India,47000,47000,51000,5556,1,11665
1/13/2024,Brand D,India,47000,42300,42300,7257,1,4178
1/13/2024,Brand D,India,47000,39950,39950,5575,1,3431
1/13/2024,Brand D,India,47000,42300,46300,3682,1,17182
1/13/2024,Brand C,India,46667.5,46667.5,53550,4353,9,6517
1/13/2024,Brand C,India,46281.43,38321.43,42920,8566,10,9102
1/13/2024,Brand D,India,46260,46260,46260,5776,1,10255
1/13/2024,Brand A,India,46059,35140,35140,5984,2,151
1/13/2024,Brand B,India,45937.5,37500,43000,6447,2,4709
1/13/2024,Brand A,India,45918,45918,45918,5911,4,12564
1/14/2024,Brand A,India,45842.37,21090,21090,8242,4,12222
1/14/2024,Brand B,India,45535.72,45535.72,51000,7612,3,11806
1/14/2024,Brand E,India,45440,45440,46440,4312,5,17612
1/14/2024,Brand B,India,45376.32,40249.42,46475,7519,4,6883
1/14/2024,Brand A,India,45199,40600,40600,4692,3,6264
1/14/2024,Brand B,India,45060.72,25051.79,26390,3431,4,2008
1/14/2024,Brand D,India,45000,45000,49000,5072,1,13226
1/14/2024,Brand C,India,44463.25,44463.25,50890,5573,9,14167
1/15/2024,Brand B,India,44279.66,41991.53,47300,6292,3,5232
1/15/2024,Brand B,India,44067.8,31779.66,37500,4494,3,16394
1/15/2024,Brand E,India,44000,44000,45500,7720,5,274
1/15/2024,Brand C,India,43986.7,24584.99,28700,6901,6,180
1/15/2024,Brand E,India,43700,43700,44700,6113,4,13930
1/15/2024,Brand B,India,43275,15475,19000,8313,3,19335
1/15/2024,Brand D,India,43000,43000,43000,8180,1,10387
1/15/2024,Brand C,India,42758.54,42758.54,50250,8688,8,15394
1/15/2024,Brand E,India,42460,42460,43960,6189,3,81
1/16/2024,Brand E,India,42440,42440,42940,3520,6,16423
1/16/2024,Brand D,India,42300,42300,46300,7162,1,10333
1/16/2024,Brand D,India,42000,42000,46000,8813,1,8355
1/16/2024,Brand A,India,41996,38497,38497,4979,2,4732
1/16/2024,Brand E,India,41940,41940,42940,6143,4,4213
1/16/2024,Brand E,India,41720,41720,43220,4809,6,9594
1/16/2024,Brand E,India,41660,41660,44160,7858,6,11313
1/16/2024,Brand A,India,41649,163.05,163.05,5473,4,18964
1/16/2024,Brand E,India,40860,40860,40860,7349,4,1357
1/16/2024,Brand A,India,40527,33660.2,33660.2,5378,4,5099
1/17/2024,Brand E,India,40460,40460,40960,3134,5,899
1/17/2024,Brand A,India,40300,37710,37710,7737,3,9440
1/17/2024,Brand E,India,40120,40120,41120,7870,4,19689
1/17/2024,Brand D,India,40000,40000,44000,4618,1,4536
1/17/2024,Brand D,India,40000,40000,40000,7938,1,7758
1/17/2024,Brand A,India,39825,39825,39825,6483,3,3949
1/17/2024,Brand E,India,39500,39500,40000,8271,5,16456
1/17/2024,Brand A,India,39389.64,24870.84,24870.84,8149,2,12468
1/17/2024,Brand A,India,38657,38657,38657,7863,2,8140
1/17/2024,Brand A,India,38639,38639,41639,8196,3,9915
1/18/2024,Brand E,India,38460,38460,38460,8970,4,9598
1/18/2024,Brand E,India,38240,38240,38800,6897,5,9285
1/18/2024,Brand E,India,38200,38200,38200,6299,3,17764
1/18/2024,Brand B,India,38135.58,37118.64,43800,7508,3,13839
1/18/2024,Brand E,India,38020,38020,38020,5261,3,16817
1/18/2024,Brand D,India,38000,32300,32300,7700,1,2110
1/18/2024,Brand D,India,38000,34200,34200,7176,1,3675
1/18/2024,Brand D,India,38000,17000,18500,6825,0,17655
1/18/2024,Brand D,India,38000,38000,42000,6678,1,16162
1/18/2024,Brand E,India,37940,37940,40940,5304,3,18821
1/19/2024,Brand E,India,37900,37900,40400,8737,5,13366
1/19/2024,Brand E,India,37880,37880,39880,4766,1,9184
1/19/2024,Brand B,India,37737.81,37737.81,41900,8784,3,954
1/19/2024,Brand B,India,37688.16,13352.46,15825,8399,3,11673
1/19/2024,Brand E,India,37480,37480,38480,3416,5,12043
1/19/2024,Brand E,India,37460,37460,39460,5642,3,18215
1/19/2024,Brand B,India,37457.63,37457.63,44200,6932,4,15099
1/19/2024,Brand A,India,37441.94,35221.94,35225,8842,6,15364
1/19/2024,Brand E,India,37380,37380,38380,3971,6,18781
1/19/2024,Brand A,India,37200,33480,33480,4125,3,17134
1/20/2024,Brand E,India,36980,36980,37480,7650,6,6151
1/20/2024,Brand C,India,36956.35,36956.35,39070,4008,4,5852
1/20/2024,Brand B,India,36864.4,8983.05,10600,4728,2,145
1/20/2024,Brand B,India,36639.28,32975.36,33930,8353,3,5641
1/20/2024,Brand B,India,36491.52,19093.22,22530,8127,4,3038
1/20/2024,Brand B,India,36271.19,36271.19,42800,7087,2,10931
1/20/2024,Brand B,India,36199.15,36199.15,43215,7210,3,15955
1/20/2024,Brand A,India,36117.6,-69377.45,-69377.45,6937,1,12744
1/20/2024,Brand A,India,36036,36036,39036,5806,7,12860
1/20/2024,Brand D,India,36001,36001,40001.18,3287,2,11260
1/21/2024,Brand D,India,36000,32400,36400,5535,1,15956
1/21/2024,Brand D,India,36000,32400,36400,8870,1,16060
1/21/2024,Brand B,India,35982.14,33109.38,37082.5,4250,2,16981
1/21/2024,Brand E,India,35940,35940,35940,7222,4,1470
1/21/2024,Brand B,India,35771.1,20987.18,25910,8728,4,18544
1/21/2024,Brand A,India,35678,35678,35678,7906,3,18385
1/21/2024,Brand E,India,35640,35640,35640,4350,5,10425
1/21/2024,Brand E,India,35560,35560,37060,4197,4,14945
1/22/2024,Brand E,India,35480,35480,35480,6590,2,2997
1/22/2024,Brand E,India,35384,35384,35384,6876,4,14565
1/22/2024,Brand E,India,35380,35380,37380,3498,3,10590
1/22/2024,Brand D,India,35000,35000,35000,7862,1,13001
1/22/2024,Brand E,India,34960,34960,37558,6932,4,15288
1/22/2024,Brand E,India,34940,34940,34940,8386,6,7892
1/22/2024,Brand A,India,34800,34800,34800,3631,3,1377
1/22/2024,Brand E,India,34780,34780,36280,4486,4,19485
1/22/2024,Brand B,India,34732.14,30169.65,33790,8793,3,4138
1/23/2024,Brand C,India,34700,34700,39490,6575,6,14549
1/23/2024,Brand A,India,34684,34684,37684,5947,3,17064
1/23/2024,Brand B,India,34576.26,12633.47,14907.5,4223,3,5119
1/23/2024,Brand B,India,34503.9,22215.76,23970,6863,3,8839
1/23/2024,Brand B,India,34237.3,34237.3,40400,7995,3,7105
1/23/2024,Brand B,India,34237.29,34237.29,40400,5776,2,6582
1/23/2024,Brand B,India,34237.28,19830.51,23400,5943,3,12513
1/23/2024,Brand B,India,34196.43,34196.43,38300,6491,2,13196
1/23/2024,Brand D,India,34000,34000,38000,4271,1,13598
1/24/2024,Brand D,India,34000,34000,38000,5378,1,13367
1/24/2024,Brand C,India,33857.13,33857.13,37920,6645,4,2284
1/24/2024,Brand B,India,33825.11,22337.5,23350,4606,3,1035
1/24/2024,Brand A,India,33750,30375,30375,4953,3,7423
1/24/2024,Brand B,India,33559.32,16779.66,19800,5452,2,18491
1/24/2024,Brand A,India,33473,26979,26979,7077,3,13604
1/24/2024,Brand E,India,33340,33340,34340,7486,4,17883
1/24/2024,Brand A,India,33247,22187,25187,7944,3,15123
1/24/2024,Brand C,India,33116.07,33116.07,37090,3831,6,5576
1/24/2024,Brand A,India,33039,-69397,-69397,7998,3,8256
1/25/2024,Brand E,India,32860,32860,32860,3557,4,639
1/25/2024,Brand E,India,32560,32560,33060,7042,3,14027
1/25/2024,Brand A,India,32549,-41991,-41991,6233,3,14777
1/25/2024,Brand B,India,32542.37,18559.32,21900,4497,25,6370
1/25/2024,Brand E,India,32260,32260,32260,6435,2,2596
1/25/2024,Brand E,India,32180,32180,32680,7441,4,9839
1/25/2024,Brand B,India,32114.28,32114.28,34300,4977,3,120
1/25/2024,Brand D,India,32000,32000,36000,4982,1,4091
1/25/2024,Brand D,India,32000,32000,36000,8022,1,14559
1/25/2024,Brand D,India,32000,28800,28800,8585,1,15407
1/26/2024,Brand D,India,32000,28800,32800,5375,1,9610
1/26/2024,Brand B,India,31779.65,27203.39,32100,6777,2,8697
1/26/2024,Brand C,India,31760.41,28780.41,32320,7878,7,4579
1/26/2024,Brand E,India,31720,31720,32220,7464,4,16248
1/26/2024,Brand A,India,31429,71,71,7895,2,10658
1/26/2024,Brand A,India,31399,12479.2,12479.2,5871,2,15080
1/26/2024,Brand D,India,31000,31000,35000,7090,1,8572
1/26/2024,Brand E,India,30800,30800,33800,4339,3,5839
1/27/2024,Brand E,India,30780,30780,30780,5370,4,4843
1/27/2024,Brand E,India,30720,30720,32220,6065,3,18978
1/27/2024,Brand E,India,30680,30680,31180,4585,4,1956
1/27/2024,Brand D,India,30500,30500,34500,8976,1,4261
1/27/2024,Brand A,India,30485.6,9315,9315,6341,2,15382
1/27/2024,Brand E,India,30260,30260,30760,6691,4,17005
1/27/2024,Brand B,India,30084.75,17796.61,21000,5270,3,8564
1/27/2024,Brand B,India,30084.75,30084.75,35500,4711,2,17442
1/27/2024,Brand D,India,30000,27000,27000,4077,1,8368
1/28/2024,Brand D,India,30000,30000,34000,4225,1,1253
1/28/2024,Brand D,India,30000,26968,26968,4455,1,17168
1/28/2024,Brand D,India,30000,27000,27000,6189,1,11109
1/28/2024,Brand D,India,29500,29500,33500,6095,1,4500
1/28/2024,Brand D,India,29500,25075,29075,3380,1,17140
1/28/2024,Brand E,India,29300,29300,30300,7822,5,18286
1/28/2024,Brand B,India,29237.3,29237.3,34500,6178,3,3461
1/28/2024,Brand B,India,29237.29,29237.29,34500,6797,3,11914
1/29/2024,Brand A,India,29119,29119,29119,5773,2,17158
1/29/2024,Brand A,India,29051.7,29051.7,30150,8656,3,4324
1/29/2024,Brand E,India,29020,29020,31520,7781,2,3663
1/29/2024,Brand D,India,29000,29000,33000,8467,1,2667
1/29/2024,Brand D,India,29000,26100,30100,6948,1,10347
1/29/2024,Brand B,India,28813.56,27966.11,33000,8254,3,14670
1/29/2024,Brand B,India,28813.56,28050.85,33100,4328,2,19430
1/29/2024,Brand A,India,28748,-440765.29,-445742.26,3111,2,5553
1/30/2024,Brand E,India,28560,28560,29560,5378,3,17524
1/30/2024,Brand E,India,28500,28500,29000,7222,3,13976
1/30/2024,Brand B,India,28482.15,18312.66,19900,8477,3,6329
1/30/2024,Brand E,India,28260,28260,33456,5550,3,16127
1/30/2024,Brand B,India,28125,12724.69,12950,6146,3,15689
1/30/2024,Brand C,India,28089.29,28089.29,31460,8962,8,6698
1/30/2024,Brand D,India,28000,28000,32000,6411,1,13820
1/30/2024,Brand A,India,27984,27372,27372,8829,4,11173
1/31/2024,Brand E,India,27940,27940,28940,5222,5,11586
1/31/2024,Brand D,India,27500,27500,31500,5838,1,13834
1/31/2024,Brand E,India,27400,27400,28900,6663,2,18642
1/31/2024,Brand E,India,27380,27380,27380,4314,3,19334
1/31/2024,Brand E,India,27180,27180,28680,3698,4,3925
1/31/2024,Brand B,India,27118.65,15677.97,18500,5448,2,8849
1/31/2024,Brand E,India,27100,27100,27100,7793,2,4863
1/31/2024,Brand D,India,27000,27000,31000,4862,1,2186
1/31/2024,Brand B,India,26517.87,-2330.35,-2610,8968,3,16636
2/1/2024,Brand E,India,26400,26400,27900,8997,3,8952
2/1/2024,Brand B,India,26271.19,20211.87,23850,3171,3,11697
2/1/2024,Brand B,India,26116.07,24388.4,27315,8116,3,817
2/1/2024,Brand A,India,25620,25620,28620,7585,2,11306
2/1/2024,Brand E,India,25620,25620,26620,4096,4,5140
2/1/2024,Brand E,India,25620,25620,27620,6228,4,5143
2/1/2024,Brand B,India,25446.43,25446.43,28500,8397,2,1746
2/1/2024,Brand E,India,25240,25240,25740,6621,4,16038
2/1/2024,Brand D,India,25032,25032,29032,6247,2,9877
2/2/2024,Brand E,India,24640,24640,25140,7876,3,17581
2/2/2024,Brand B,India,24576.28,24576.28,29000,5712,2,13066
2/2/2024,Brand A,India,24489.83,22040.85,24210,4419,2,31
2/2/2024,Brand E,India,24120,24120,24120,6955,3,4769
2/2/2024,Brand D,India,24000,24000,24000,3329,1,630
2/2/2024,Brand D,India,24000,21600,21600,3149,1,16729
2/2/2024,Brand E,India,23940,23940,24440,8065,3,18488
2/2/2024,Brand A,India,23739.83,23739.83,26150,3758,2,2292
2/2/2024,Brand A,India,23730,10080,10080,4265,3,10912
2/3/2024,Brand D,India,23600,23600,27600,7375,1,16169
2/3/2024,Brand B,India,23571.43,23571.43,26400,3451,2,10784
2/3/2024,Brand B,India,23275,-2678.57,-3000,6499,2,15390
2/3/2024,Brand A,India,22950,12960,12960,4146,2,15777
2/3/2024,Brand B,India,22881.36,22881.36,27000,3099,2,9743
2/3/2024,Brand E,India,22820,22820,22820,4517,3,16409
2/3/2024,Brand A,India,22820,21224,21224,6889,2,16674
2/3/2024,Brand E,India,22600,22600,22600,3628,2,6654
2/3/2024,Brand A,India,22500,18000,18000,7172,1,10016
2/4/2024,Brand E,India,22380,22380,22380,7196,1,17716
2/4/2024,Brand B,India,22337.5,14382.14,14440,4819,2,5017
2/4/2024,Brand B,India,22321.43,19508.93,21850,3246,2,1333
2/4/2024,Brand B,India,22033.89,10296.61,12150,3479,2,16447
2/4/2024,Brand B,India,21970.34,21970.34,25925,8721,1,6384
2/4/2024,Brand A,India,21900,14340,14340,4993,4,1452
2/4/2024,Brand E,India,21900,21900,23400,4006,2,3342
2/4/2024,Brand A,India,21840,21840,21840,4020,3,14798
2/5/2024,Brand E,India,21720,21720,21720,6228,3,1283
2/5/2024,Brand E,India,21460,21460,22460,7212,2,8595
2/5/2024,Brand B,India,21428.56,18381.69,20587.5,7201,2,6508
2/5/2024,Brand A,India,21420,20384,23384,6404,2,424
2/5/2024,Brand A,India,21279,0,0,8100,2,19493
2/5/2024,Brand E,India,21200,21200,22200,5154,3,8232
2/5/2024,Brand B,India,21186.45,-1694.91,-2000,6555,2,5843
2/5/2024,Brand B,India,21186.44,20127.12,23750,5589,2,4573
2/5/2024,Brand A,India,21139,19040,19040,7160,4,19323
2/5/2024,Brand E,India,20940,20940,21440,7620,3,224
2/6/2024,Brand E,India,20800,20800,20800,6864,2,2124
2/6/2024,Brand A,India,20440,20440,20440,3943,3,2899
2/6/2024,Brand E,India,20380,20380,21380,8692,3,14465
2/6/2024,Brand E,India,19600,19600,20100,7078,3,2548
2/6/2024,Brand E,India,19460,19460,19960,3474,3,6809
2/6/2024,Brand B,India,19449.14,14644.06,17280,6632,2,3686
2/6/2024,Brand E,India,19380,19380,19880,8334,3,1751
2/6/2024,Brand A,India,19200,17280,17280,8896,1,17090
2/6/2024,Brand E,India,19120,19120,19120,6360,3,6408
2/6/2024,Brand A,India,19050,19050,19050,6993,2,9529
2/7/2024,Brand B,India,18983.05,17084.75,20160,7099,1,11533
2/7/2024,Brand E,India,18900,18900,18900,4835,1,18699
2/7/2024,Brand A,India,18900,-3220,-3220,3143,1,10969
2/7/2024,Brand B,India,18644.07,18644.07,22000,6852,2,776
2/7/2024,Brand B,India,18644.07,18644.07,22500,7239,2,19292
2/7/2024,Brand E,India,18340,18340,18340,8337,3,6072
2/7/2024,Brand A,India,18268,14769,14769,7156,3,10054
2/7/2024,Brand B,India,18220.34,11864.41,14000,5768,2,1581
2/7/2024,Brand D,India,18000,18000,22000,5254,1,9875
2/8/2024,Brand A,India,17950,16155,16155,6684,2,2158
2/8/2024,Brand A,India,17950,17950,17950,3616,2,11371
2/8/2024,Brand B,India,17796.61,16906.78,19950,8861,2,165
2/8/2024,Brand B,India,17796.6,8008.47,9450,5185,2,1605
2/8/2024,Brand E,India,17380,17380,17380,6462,2,9097
2/8/2024,Brand B,India,17321.43,-1013.79,-2190,3140,2,2195
2/8/2024,Brand E,India,17280,17280,18280,7265,3,3721
2/8/2024,Brand B,India,17272.72,17272.72,20900,4265,1,16535
2/8/2024,Brand D,India,17000,17000,21000,5665,1,8096
2/8/2024,Brand D,India,17000,17000,19000,7127,1,11750
2/9/2024,Brand B,India,16525.42,16525.42,19500,4344,2,15374
2/9/2024,Brand B,India,16101.7,16101.7,19000,6260,2,5226
2/9/2024,Brand A,India,16081,16081,16081,8490,3,8194
2/9/2024,Brand D,India,16000,16000,16000,8093,1,3941
2/9/2024,Brand A,India,15960,15960,15960,8514,1,5699
2/9/2024,Brand E,India,15960,15960,15960,5106,1,19718
2/9/2024,Brand A,India,15959,14867.1,14867.1,3198,2,9503
2/9/2024,Brand E,India,15900,15900,15900,7744,3,14135
2/9/2024,Brand E,India,15820,15820,16320,6000,2,14542
2/10/2024,Brand A,India,15800,15800,15800,3081,1,16686
2/10/2024,Brand A,India,15623,15623,15623,7471,1,16327
2/10/2024,Brand E,India,15600,15600,15600,6440,1,1102
2/10/2024,Brand E,India,15460,15460,15960,5978,2,195
2/10/2024,Brand B,India,15254.24,8898.31,10500,3440,2,4344
2/10/2024,Brand B,India,15254.23,14364.4,16950,3378,2,13456
2/10/2024,Brand E,India,15200,15200,15200,5836,2,15857
2/10/2024,Brand A,India,15118.8,13606.92,13606.92,4346,1,12514
2/10/2024,Brand E,India,15000,15000,15000,3381,1,1224
2/11/2024,Brand A,India,14800,-9891.94,-9895,5552,1,4967
2/11/2024,Brand B,India,14406.78,13771.19,16250,7711,1,12754
2/11/2024,Brand A,India,14250,-212761.65,-222364.8,4915,1,4087
2/11/2024,Brand E,India,14220,14220,14220,3347,2,12762
2/11/2024,Brand E,India,14220,14220,14720,5182,2,9024
2/11/2024,Brand D,India,14000,14000,16500,8488,1,5079
2/11/2024,Brand B,India,13983.05,5084.74,6000,5971,1,9359
2/11/2024,Brand E,India,13920,13920,13920,8935,2,12470
2/11/2024,Brand B,India,13900,13900,13900,5309,1,4462
2/12/2024,Brand A,India,13860,13860,13860,8577,1,17273
2/12/2024,Brand B,India,13822.04,6194.92,7310,6048,2,15410
2/12/2024,Brand E,India,13440,13440,13440,4208,2,18494
2/12/2024,Brand E,India,13400,13400,13400,3305,2,15341
2/12/2024,Brand A,India,13160,13160,13160,6512,1,9003
2/12/2024,Brand B,India,13135.58,11822.03,13950,5336,1,84
2/12/2024,Brand E,India,13100,13100,13100,3861,2,3481
2/12/2024,Brand E,India,12880,12880,13380,6638,2,18192
2/12/2024,Brand A,India,12880,10360,13360,3877,2,2502
2/13/2024,Brand E,India,12880,12880,13380,8381,2,3267
2/13/2024,Brand B,India,12711.86,-5508.48,-6500,6557,1,5925
2/13/2024,Brand E,India,12400,12400,12900,3836,2,3351
2/13/2024,Brand B,India,12288.14,12288.14,14500,4218,1,13892
2/13/2024,Brand B,India,12288.14,12288.14,14500,7689,1,5311
2/13/2024,Brand B,India,12288.14,0,0,4827,1,4553
2/13/2024,Brand B,India,12288.14,0,0,4134,1,16535
2/13/2024,Brand B,India,12288.14,12288.14,14500,3540,1,11661
2/14/2024,Brand B,India,12288.14,-8050.84,-9500,8489,1,12970
2/14/2024,Brand B,India,12288.14,12288.14,14500,6135,1,13814
2/14/2024,Brand B,India,12053.57,-6590.5,-8500,8473,1,9754
2/14/2024,Brand B,India,12053.57,8437.5,9450,5576,1,1036
2/14/2024,Brand D,India,12000,12000,12000,6191,0,17687
2/14/2024,Brand A,India,11850,11850,11850,5160,1,18152
2/14/2024,Brand A,India,11760,-61037,-61037,5458,1,1667
2/14/2024,Brand A,India,11760,6720,6720,7776,1,1660
2/14/2024,Brand E,India,11620,11620,11620,8130,1,13651
2/15/2024,Brand B,India,11440.67,10296.61,12150,6950,1,5513
2/15/2024,Brand A,India,11404,485,3485,6501,2,6657
2/15/2024,Brand A,India,11198,11198,11198,5924,2,7828
2/15/2024,Brand B,India,11160.71,11160.71,12500,3840,1,3782
2/15/2024,Brand A,India,11100,-3700,-3700,6412,1,6399
2/15/2024,Brand A,India,11100,9990,9990,8600,1,19195
2/15/2024,Brand A,India,11100,11100,11100,8460,1,15458
2/15/2024,Brand A,India,11100,10545,10545,7503,1,643
2/15/2024,Brand A,India,11060,11060,14060,7594,1,13805
2/15/2024,Brand A,India,11060,-7840,-7840,3241,1,15447
2/16/2024,Brand A,India,11060,-15623,-15623,3871,1,8053
2/16/2024,Brand B,India,11016.94,11016.94,13000,4277,1,6255
2/16/2024,Brand A,India,10919,0,0,8384,1,11478
2/16/2024,Brand A,India,10919,9827.1,9827.1,3556,1,17652
2/16/2024,Brand A,India,10919,10919,10919,8099,1,15089
2/16/2024,Brand A,India,10919,10919,10919,4988,1,9873
2/16/2024,Brand A,India,10919,10919,10919,6614,1,13227
2/16/2024,Brand B,India,10714.29,10714.29,12000,7177,1,18411
2/16/2024,Brand B,India,10593.22,9533.9,11250,7551,1,10576
2/16/2024,Brand B,India,10593.22,10593.22,12500,5054,1,16038
2/17/2024,Brand A,India,10500,10500,10500,4143,2,14350
2/17/2024,Brand E,India,10500,10500,11000,5343,2,1865
2/17/2024,Brand B,India,10267.86,10267.86,11500,7272,1,7022
2/17/2024,Brand A,India,9701.69,6101.69,7200,7724,2,6526
2/17/2024,Brand D,India,9000,9000,9000,8178,1,17785
2/17/2024,Brand B,India,8898.31,8898.31,10500,7467,1,6606
2/17/2024,Brand B,India,8898.31,8898.31,10500,4851,1,525
2/17/2024,Brand B,India,8898.31,-1525.42,-1800,4457,1,9314
2/18/2024,Brand B,India,8898.31,8898.31,10500,4057,1,2188
2/18/2024,Brand B,India,8898.31,8898.31,10500,6816,1,11217
2/18/2024,Brand B,India,8898.31,8898.31,10500,8954,1,16478
2/18/2024,Brand B,India,8839.29,8839.29,9900,4823,1,15280
2/18/2024,Brand B,India,8839.29,8839.29,9900,4847,1,6943
2/18/2024,Brand B,India,8482.14,8482.14,9500,5069,1,7510
2/18/2024,Brand B,India,8474.58,8474.58,10500,6804,1,12147
2/18/2024,Brand B,India,8389.83,7550.85,8910,4471,1,9055
2/19/2024,Brand B,India,8389.83,7550.85,8910,6353,1,19905
2/19/2024,Brand A,India,7700,7700,7700,5264,1,18798
2/19/2024,Brand E,India,7280,7280,7280,5610,1,12339
2/19/2024,Brand B,India,7203.39,-12288.14,-14500,6604,0,4335
2/19/2024,Brand B,India,7024.79,7024.79,8500,5695,1,7789
2/19/2024,Brand E,India,6720,6720,7220,6172,1,944
2/19/2024,Brand A,India,6299,6299,6299,4741,1,7445
2/19/2024,Brand E,India,6160,6160,6160,5971,1,15877
2/19/2024,Brand A,India,6101.69,6101.69,7200,7244,1,6159
2/19/2024,Brand A,India,6101.69,6101.69,7200,6238,1,12495
2/20/2024,Brand A,India,5949,5949,5949,6477,1,9315
2/20/2024,Brand A,India,5949,5949,5949,8635,1,543
2/20/2024,Brand E,India,5600,5600,5600,5569,1,6249
2/20/2024,Brand B,India,5508.47,5508.47,6500,8151,1,16818
2/20/2024,Brand A,India,5040,5040,5040,7408,1,19773
2/20/2024,Brand A,India,4800,4800,4800,5714,1,17987
2/20/2024,Brand E,India,3900,3900,3900,7146,1,19263
2/20/2024,Brand A,India,3600,3600,3600,5559,1,4005
2/20/2024,Brand A,India,2940,2940,2940,7900,1,18983
2/20/2024,Brand A,Singapore,2099,1889.1,1889.1,4952,1,17860
2/21/2024,Brand A,Singapore,2099,0,0,8755,1,5253
2/21/2024,Brand A,Singapore,1800,1800,1800,3756,1,13171
2/21/2024,Brand D,Singapore,32,32,32,7651,1,6484
2/21/2024,Brand D,Singapore,32,32,32,6241,1,14983
2/21/2024,Brand B,Turkey,27530,12179,24971,4899.86606,2,3337
2/21/2024,Brand C,Turkey,25545,10301,33681,4801.68,10,16809
2/21/2024,Brand E,Turkey,8883,17359,25568,10871.7,8,6353
2/21/2024,Brand B,Turkey,27756,30772,25616,5104.0654,5,6429
2/21/2024,Brand C,Turkey,39405,38256,9234,9802.14,5,12751
2/21/2024,Brand A,Turkey,5816,30279,11778,6021.4637,10,18074
2/22/2024,Brand E,Turkey,30781,23053,13160,6046.09,10,19825
2/22/2024,Brand B,Turkey,6816,17780,11918,4824.96183,8,15273
2/22/2024,Brand C,Turkey,36521,15721,24952,11896.37,9,10138
2/22/2024,Brand A,Turkey,29821,7874,28418,3573.9816,1,9097
2/22/2024,Brand B,Turkey,22213,15956,31530,4490.61027,6,13602
2/22/2024,Brand C,Turkey,35940,32208,6882,11917.81,6,14535
2/22/2024,Brand E,Turkey,41937,15153,37468,0,1,7443
2/22/2024,Brand D,Turkey,27914,13279,10701,3624.37914,3,3857
2/22/2024,Brand D,Turkey,32614,27583,34754,5989.28,7,10167
2/22/2024,Brand C,Turkey,11205,39913,20543,13493.05,8,11880
2/23/2024,Brand A,Turkey,20641,23546,32395,4788.8465,8,16937
2/23/2024,Brand B,Turkey,43558,8437,32239,5650.3,7,12700
2/23/2024,Brand B,Turkey,44110,18567,11625,5755.7831,9,17605
2/23/2024,Brand C,Turkey,42474,31146,17594,15086.21,7,695
2/23/2024,Brand B,Turkey,9884,22418,11074,5751.42556,5,15145
2/23/2024,Brand C,Turkey,45579,15364,39031,12023.472,5,7215
2/23/2024,Brand A,Turkey,20906,18749,6050,7420.1023,5,749
2/23/2024,Brand B,Turkey,43489,17580,8952,5438.03169,7,6395
2/23/2024,Brand C,Turkey,22294,10333,21202,21064.78,7,5829
2/23/2024,Brand A,Japan,31692,24849,37290,7357.4573,8,13996
2/24/2024,Brand B,Japan,32083,21068,7156,7011.5561,9,12919
2/24/2024,Brand A,Japan,33364,14081,39096,6745.624,1,18170
2/24/2024,Brand D,Japan,7258,21352,32046,4253.4568,5,13661
2/24/2024,Brand D,Japan,39736,22101,19519,6701.04,10,13694
2/24/2024,Brand C,Japan,18954,12616,30141,3870.5601,6,18065
2/24/2024,Brand A,Japan,20054,23046,14196,5398.1558,3,15847
2/24/2024,Brand B,Japan,27091,34563,23431,6689.76096,7,14895
2/24/2024,Brand A,Japan,22693,29311,17557,1403.4889,9,7845
2/24/2024,Brand B,Japan,39211,29144,31071,6141.09,6,16851
2/25/2024,Brand B,Japan,49305,13707,17770,5945.67008,9,19136
2/25/2024,Brand A,Japan,46926,30815,11010,6840.5906,5,9054
2/25/2024,Brand C,Japan,30913,9611,26006,7903.06,5,10068
2/25/2024,Brand B,Japan,45104,17041,22137,6230.86246,5,7013
2/25/2024,Brand E,Japan,5550,22027,22048,0.24,8,2258
2/25/2024,Brand A,Japan,6098,36077,12320,6557.6287,5,16562
2/25/2024,Brand B,Japan,24885,17584,6535,5621.15,8,551
2/25/2024,Brand E,Japan,11814,34469,8215,4349.98,2,18247
2/25/2024,Brand A,Japan,39430,18576,24674,6162.8018,10,10808
2/25/2024,Brand D,Japan,39046,21520,13621,7400.5392,8,11219
2/26/2024,Brand D,Japan,9560,18126,12947,6556.72,4,13138
2/26/2024,Brand A,Japan,44980,15742,21068,6092.1785,9,4997
2/26/2024,Brand B,Japan,39886,27192,26510,5323.91,6,9646
2/26/2024,Brand D,Japan,5357,8425,36693,8217.227,3,3597
2/26/2024,Brand D,Japan,41477,38323,18674,8378.9357,8,2862
2/26/2024,Brand E,Japan,13076,35391,29068,6180.63,4,16660
2/26/2024,Brand A,Japan,42329,11174,7402,6976.2046,10,763
2/26/2024,Brand D,Japan,21709,6343,7461,5721.41,3,1630
2/26/2024,Brand D,Japan,17898,5885,32434,5518.6,10,8446
2/26/2024,Brand D,Japan,35983,20442,17981,5329.882286,8,14064
2/27/2024,Brand D,Japan,42953,21381,37639,6562.46,5,18232
2/27/2024,Brand D,Japan,12835,15659,9680,4773.22,1,8096
2/27/2024,Brand B,Japan,22747,12664,19248,4061.91,7,19043
2/27/2024,Brand D,Japan,20581,11477,7087,6769.47,6,3514
2/27/2024,Brand D,Japan,18095,31707,23563,5370.12,8,13734
2/27/2024,Brand D,Japan,49570,10706,26771,4727.026585,2,11171
2/27/2024,Brand B,Japan,47375,12896,27777,4163.309177,6,17449
2/27/2024,Brand D,Japan,22697,34840,39764,6795.01,8,15259
2/27/2024,Brand D,Japan,26502,7236,21427,4733.04,3,10635
2/28/2024,Brand B,Japan,19259,21996,33481,3998.95,8,3866
2/28/2024,Brand D,Japan,10106,17968,16088,6129.5,5,3009
2/28/2024,Brand D,Japan,32039,15029,8570,5249.95,8,1928
2/28/2024,Brand C,Japan,16426,33686,33932,21718.17,7,7138
2/28/2024,Brand D,Japan,27533,35815,31085,5704.56,2,10923
2/28/2024,Brand D,Japan,12063,17808,16422,4337.84,2,16632
2/28/2024,Brand D,Japan,18037,27876,11940,5638.26146,4,14319
2/28/2024,Brand D,Japan,43793,23700,9218,4262.83,2,9813
2/29/2024,Brand D,Japan,25478,36522,15581,4352.45,6,7600
2/29/2024,Brand B,Japan,17975,38338,5330,4273.810001,1,17572
2/29/2024,Brand D,Japan,9650,26405,12644,6753.52,10,6817
2/29/2024,Brand B,Japan,27047,6138,22178,7431.65,2,17617
2/29/2024,Brand B,Japan,12786,31300,37602,8305.63,3,3815
2/29/2024,Brand D,Japan,24577,34926,13759,6077.611205,10,17116
2/29/2024,Brand D,Japan,21279,22532,17465,5161.51,9,12853
2/29/2024,Brand D,Japan,38914,13574,27880,10064.6,3,13504
2/29/2024,Brand B,Japan,30302,33840,35662,4302.91,2,19218
2/29/2024,Brand D,USA,20696,13306,37100,6457.5,1,17770
3/1/2024,Brand D,USA,14885,33787,37794,4826.58,4,11934
3/1/2024,Brand B,USA,39976,6009,26745,10322.39,4,15829
3/1/2024,Brand D,USA,34736,7553,30852,10239.76,9,10015
3/1/2024,Brand D,USA,42345,27106,38109,8352.704,1,18246
3/1/2024,Brand B,USA,40322,30133,37263,8499.98,8,4151
3/1/2024,Brand D,USA,38935,30096,35727,10383.65433,10,14948
3/1/2024,Brand B,USA,43986,30352,26120,5687.089162,10,6783
3/1/2024,Brand A,USA,17941,9832,10805,9538.905728,10,4342
3/1/2024,Brand D,USA,41630,36710,5048,10657.0827,3,15477
3/2/2024,Brand D,USA,44396,33082,29240,10900.3753,9,11793
3/2/2024,Brand D,USA,23643,6797,37005,7200.3725,6,3960
3/2/2024,Brand E,USA,33320,24068,20924,253.78,8,13680
3/2/2024,Brand E,USA,31787,23894,17033,529.81,8,17748
3/2/2024,Brand E,USA,18262,19225,22917,6225.04,10,4655
3/2/2024,Brand E,USA,48780,39574,32911,0,2,6376
3/2/2024,Brand D,USA,28305,36485,8462,10968.7428,2,18331
3/2/2024,Brand E,USA,11960,31495,11725,0,5,905
3/2/2024,Brand B,USA,21166,38492,37455,7159.79,5,18017
3/3/2024,Brand B,USA,45013,10692,23864,6290.32,1,5918
3/3/2024,Brand B,USA,21458,39370,15017,6714.71,5,13515
3/3/2024,Brand E,USA,48842,14193,28591,6698.34,3,1905
3/3/2024,Brand E,USA,35864,33092,23805,0,1,12976
3/3/2024,Brand D,USA,19229,23660,22170,11805.02725,6,12306
3/3/2024,Brand B,USA,7062,7456,23200,6249.743771,7,12838
3/3/2024,Brand D,USA,5038,10411,18354,5438.24,6,14618
3/3/2024,Brand A,USA,40226,16662,9861,5621.8691,2,2696
3/4/2024,Brand D,USA,13031,11007,31402,5578.37,8,15959
3/4/2024,Brand E,USA,13543,18054,17336,5543.51,7,10937
3/4/2024,Brand B,USA,42838,16785,22729,4458.97,5,18140
3/4/2024,Brand B,USA,42235,23811,7475,5487.36,9,18237
3/4/2024,Brand E,USA,36150,37055,26798,6689.64,1,18070
3/4/2024,Brand C,USA,10275,22798,13881,12272.82,1,2957
3/4/2024,Brand E,USA,35839,15195,25182,3879.29,9,7107
3/4/2024,Brand D,USA,45421,34226,12184,11357.05727,5,10246
3/4/2024,Brand B,USA,47620,23670,36390,2566.33,10,3241
3/5/2024,Brand B,USA,45201,20745,26600,3085.69,5,6927
3/5/2024,Brand B,USA,36138,28956,9392,3680.81,9,6925
3/5/2024,Brand C,USA,24277,20594,6450,9052.55,6,10230
3/5/2024,Brand E,USA,44444,31938,35966,1371.07,6,13441
3/5/2024,Brand E,USA,38727,19998,35507,0,3,19887
3/5/2024,Brand D,USA,16724,14266,38391,10757.95464,4,9263
3/5/2024,Brand D,USA,45519,23269,25415,8081.196,5,11423
3/5/2024,Brand B,USA,40877,10211,8454,11215.49,7,8502
3/5/2024,Brand E,USA,10170,18693,19815,6608.15,2,11543
3/6/2024,Brand E,USA,44745,32331,39659,6204.39,8,8744
3/6/2024,Brand E,USA,42460,31888,12284,4011.4,3,3795
3/6/2024,Brand E,USA,31190,28880,19243,5442.83,2,8073
3/6/2024,Brand C,USA,41370,30802,28810,11899.12,3,247
3/6/2024,Brand B,USA,6094,11757,9906,6781.66356,10,439
3/6/2024,Brand C,USA,46435,14960,23367,9866.52,8,10310
3/6/2024,Brand C,USA,24986,29425,28637,9573.56,10,2622
3/6/2024,Brand E,USA,28180,13028,30495,6482.61,1,5272
3/6/2024,Brand E,USA,40590,14838,37794,6628.996,5,9591
3/6/2024,Brand E,USA,40920,37956,15549,4910.392,4,2270
3/7/2024,Brand C,USA,16694,34884,30789,18614.55,5,17016
3/7/2024,Brand D,USA,29266,10913,16217,10668.9077,1,6614
3/7/2024,Brand A,USA,49598,35206,13450,5754.573523,1,9940
3/7/2024,Brand D,USA,15933,28394,36637,4547.66,3,436
3/7/2024,Brand B,USA,19881,5767,35271,9529.79,4,9189
3/7/2024,Brand E,USA,47992,10250,30093,6641.09,1,9001
3/7/2024,Brand C,USA,29603,13031,30391,7819.29,1,5092
3/7/2024,Brand E,USA,42399,28131,16409,4474.37,10,15588
3/7/2024,Brand E,USA,27401,9716,32816,5017.26,8,8533
3/7/2024,Brand C,USA,37208,38953,25092,9866.88,9,284
3/8/2024,Brand D,USA,10641,7513,18208,10173.1285,10,18556
3/8/2024,Brand C,USA,48329,28231,33556,8877.42,7,7277
3/8/2024,Brand E,USA,30208,14791,30760,6588.19,9,3919
3/8/2024,Brand E,USA,48467,24689,22971,10028.61,10,16082
3/8/2024,Brand B,USA,17917,9775,33352,11019.48,8,2380
3/8/2024,Brand B,USA,46150,10661,15802,7040.89,9,2757
3/8/2024,Brand B,USA,5866,15211,31263,5945.11,4,19610
3/8/2024,Brand D,USA,41486,9812,12929,8638.6435,6,12291
3/8/2024,Brand D,USA,23204,7536,30260,7591.5101,2,11804
3/8/2024,Brand E,USA,7952,23437,17516,5792.98,8,19420
3/9/2024,Brand E,USA,17406,34671,16581,6549.05,8,8850
3/9/2024,Brand E,USA,6715,7483,38926,4525.86,3,5044
3/9/2024,Brand C,USA,9834,21013,21239,7795.15,5,3846
3/9/2024,Brand C,USA,38221,36878,5927,9526.24,9,13527
3/9/2024,Brand C,USA,29201,25956,5394,11997.19,5,9545
3/9/2024,Brand D,USA,43508,21305,7917,7499.49896,9,3678
3/9/2024,Brand E,USA,6161,32400,15650,0,10,1494
3/9/2024,Brand C,USA,11408,38228,13749,22982.05,6,15657
3/9/2024,Brand E,USA,43943,11590,17582,279.43,6,4178
3/10/2024,Brand B,USA,28676,30304,31077,12676.45,9,16452
3/10/2024,Brand B,USA,12396,14095,27228,11007.63,5,1941
3/10/2024,Brand B,USA,39751,10102,22535,9980.58,6,8968
3/10/2024,Brand D,USA,48673,8523,31753,6961.9953,5,7016
3/10/2024,Brand D,USA,45234,36731,22034,7403.4829,1,11066
3/10/2024,Brand D,USA,19636,28402,7748,4794.54,6,17282
3/10/2024,Brand D,USA,14886,10003,12433,5353.03,5,258
3/10/2024,Brand E,USA,33004,10557,5399,5578.95,4,5645
3/10/2024,Brand E,USA,13697,10855,10656,6471.07,10,2408
3/11/2024,Brand B,USA,32695,8912,10712,5149.54,4,19132
3/11/2024,Brand B,USA,40172,38526,15248,5561.97,10,5762
3/11/2024,Brand C,USA,39378,10188,31683,7822.31,5,11006
3/11/2024,Brand C,USA,13619,39748,37602,12594.29,3,18496
3/11/2024,Brand D,USA,15108,21109,5271,6148.976,2,14827
3/11/2024,Brand E,USA,24046,27890,13722,4743.67,4,3713
3/11/2024,Brand E,USA,38199,21923,29569,6106.63,10,357
3/11/2024,Brand E,USA,35967,25914,23990,5440.02,10,2262
3/11/2024,Brand C,USA,20274,21791,13285,12684.08,4,12181
3/11/2024,Brand C,USA,33476,34972,35892,19102.41,8,13952
3/12/2024,Brand C,USA,20179,6765,15369,18795.85,8,10982
3/12/2024,Brand D,USA,32536,16701,26964,6244.89745,7,1599
3/12/2024,Brand C,USA,17259,9001,11113,12406.664,2,12223
3/12/2024,Brand C,USA,25252,39176,14060,19746.072,1,11176
3/12/2024,Brand C,USA,39081,17658,33665,18498.828,4,18925
3/12/2024,Brand E,USA,26848,26406,5721,4628.81,8,2988
3/12/2024,Brand B,USA,33231,10903,12634,12391.29,2,4881
3/12/2024,Brand B,USA,26920,5283,28563,8318.88,1,2913
3/13/2024,Brand B,USA,45313,38011,24081,7301.99,7,16727
3/13/2024,Brand D,USA,41872,20275,8695,6349.19584,10,15086
3/13/2024,Brand B,USA,31805,28761,10864,7670.75,9,11318
3/13/2024,Brand E,USA,8170,14734,26875,5338.31,6,5912
3/13/2024,Brand E,USA,44516,20167,32516,1259.15,9,6822
3/13/2024,Brand B,USA,8480,17797,6060,5151.63,1,7786
3/13/2024,Brand B,USA,17898,25668,12604,5397.23,8,18373
3/13/2024,Brand B,USA,37833,25749,18921,5413.86,7,15332
3/13/2024,Brand B,USA,10355,12750,31083,7586.96,10,13197
3/14/2024,Brand D,USA,14768,17116,12532,8016.8554,4,19576
3/14/2024,Brand A,USA,19791,39080,13667,10312.79819,9,5573
3/14/2024,Brand C,USA,11001,33267,29527,7471.42,6,19996
3/14/2024,Brand C,USA,37227,25205,5360,7637.36,9,2852
3/14/2024,Brand E,USA,25211,27801,38613,6696.99,3,1398
3/14/2024,Brand E,USA,43199,36352,6429,58.34,4,13204
3/14/2024,Brand C,USA,15404,38784,38934,9183.45,1,13932
3/14/2024,Brand C,USA,26476,9643,35407,9204.38,4,812
3/14/2024,Brand D,USA,40207,35816,8914,6395.6476,8,8789
3/15/2024,Brand C,USA,20109,13575,6778,7390.97,5,1109
3/15/2024,Brand E,USA,40869,32910,17088,0,5,9511
3/15/2024,Brand E,USA,24043,14162,23473,5478.32,9,17604
3/15/2024,Brand E,USA,10691,32161,29062,1621.19,3,5681
3/15/2024,Brand C,USA,42052,13890,18917,11353.84,4,2268
3/15/2024,Brand C,USA,40610,24808,7046,11169.6,4,10735
3/15/2024,Brand B,USA,13137,18261,31434,12301.81,5,6561
3/15/2024,Brand D,USA,14387,20382,7834,8288.7768,7,3111
3/16/2024,Brand B,USA,18195,12173,33991,5201.63,8,2561
3/16/2024,Brand D,USA,48124,37560,37346,5433.68,3,16558
3/16/2024,Brand C,USA,17668,19783,19619,18371.93,7,9800
3/16/2024,Brand C,USA,19724,18039,38781,17546.65,9,3911
3/16/2024,Brand A,Singapore,13438,33614,22076,0,2,18755
3/16/2024,Brand E,USA,43661,32040,37522,4739.24,3,13611
3/16/2024,Brand A,Singapore,5688,33889,35983,0,8,16311
3/16/2024,Brand D,Singapore,5626,28093,15391,0,1,543
3/16/2024,Brand B,Singapore,25173,9068,21785,0,5,409
3/16/2024,Brand D,USA,9607,28983,20094,6619.4385,7,5288
3/17/2024,Brand B,USA,12010,8101,15400,6641.42212,7,3421
3/17/2024,Brand B,Singapore,5191,23246,36129,0,2,17386
3/17/2024,Brand B,Singapore,29988,10404,17459,0,6,8246
3/17/2024,Brand A,Singapore,44632,9614,16419,0,9,9878
3/17/2024,Brand B,USA,30512,28226,13358,6303.1113,10,3714
3/17/2024,Brand E,Singapore,28710,19366,35226,0,6,1058
3/17/2024,Brand B,Singapore,32916,34115,35870,0,8,1399
3/17/2024,Brand B,Singapore,7106,9515,27604,0,7,4268
3/18/2024,Brand B,USA,24378,13133,21302,11354.31,10,13503
3/18/2024,Brand D,USA,41647,33341,37000,7154.9382,8,2793
3/18/2024,Brand A,USA,37205,11469,27234,10927.37557,8,19134
3/18/2024,Brand D,USA,44143,28273,20446,4291.12,6,11736
3/18/2024,Brand C,USA,31657,26900,37566,18773.53,2,16117
3/18/2024,Brand C,USA,45932,36030,30757,18061.44,5,5380
3/18/2024,Brand D,USA,16774,38248,14470,5242.88,6,8709
3/18/2024,Brand B,USA,18560,38960,21858,6463.28328,7,12416
3/18/2024,Brand C,USA,19094,24626,23051,15843.58,4,13478
3/18/2024,Brand C,USA,18398,12361,9909,14101.09,8,3895
3/19/2024,Brand B,Singapore,26685,36755,24736,0,1,10451
3/19/2024,Brand B,USA,7264,11536,13667,4305.0335,9,13280
3/19/2024,Brand C,USA,29130,8462,24614,7931.8172,3,2825
3/19/2024,Brand E,USA,33244,33137,17879,4928.83,1,14191
3/19/2024,Brand A,USA,33945,22304,28530,4317.23,8,3501
3/19/2024,Brand D,USA,5757,37971,37908,4273.7,8,10788
3/19/2024,Brand C,USA,33327,12904,21561,8032.711,2,1984
3/19/2024,Brand E,USA,41174,36689,34665,5444.48,6,16029
3/19/2024,Brand D,USA,6957,20691,19027,6645.06967,3,1295
3/19/2024,Brand E,USA,35022,34083,30789,0,9,13871
3/20/2024,Brand A,USA,25276,13281,21647,5510.81,6,16158
3/20/2024,Brand C,USA,6266,38202,11546,8750.9201,5,18803
3/20/2024,Brand E,USA,26739,32329,27682,5283.23,9,4499
3/20/2024,Brand A,USA,38556,34032,16469,2150.0656,5,7473
3/20/2024,Brand A,USA,27181,28607,32590,5462.71,9,12007
3/20/2024,Brand C,USA,47690,20320,22404,9361.5841,7,6931
3/20/2024,Brand E,USA,16794,12782,26710,2023.25,10,10968
3/20/2024,Brand D,USA,19150,12764,34522,6884.06716,3,7626
3/20/2024,Brand D,USA,41921,19506,18311,7276.0508,2,654
3/21/2024,Brand E,USA,47068,25501,13410,10408.72,2,19284
3/21/2024,Brand C,USA,31215,18243,34662,9386.0623,1,7219
3/21/2024,Brand D,USA,26898,29818,27595,5184.9,6,7868
3/21/2024,Brand E,USA,26375,8853,30885,0,9,10245
3/21/2024,Brand C,USA,33716,33547,28555,9515.5739,5,2434
3/21/2024,Brand A,USA,32107,13249,23012,6270.32,6,3970
3/21/2024,Brand C,USA,21992,39479,8224,8638.817,9,3791
3/21/2024,Brand D,USA,7199,27012,39593,8150.15943,7,10830
3/21/2024,Brand A,USA,23962,21827,26421,5525.73,4,11071
3/21/2024,Brand C,USA,17939,16460,9510,11912.9656,7,9519
3/22/2024,Brand E,USA,38130,12554,16048,8100.97,8,7595
3/22/2024,Brand C,USA,12018,15139,7436,11699.3368,10,19606
3/22/2024,Brand E,USA,47462,20811,29008,8145.03,4,10504
3/22/2024,Brand A,USA,33805,33714,7910,5055.93,3,19005
3/22/2024,Brand D,USA,24687,23825,13835,433.03436,1,7766
3/22/2024,Brand D,USA,32246,29004,28051,7604.1142,10,2880
3/22/2024,Brand D,USA,12761,23825,21078,4942.96,1,6085
3/22/2024,Brand E,USA,42833,5824,13738,7806.88,9,15087
3/22/2024,Brand A,USA,28408,36656,27711,4830.47,9,10322
3/23/2024,Brand C,USA,13319,26998,37120,12702.3363,1,2711
3/23/2024,Brand A,USA,21363,7246,33535,6038.2707,2,2171
3/23/2024,Brand C,USA,20211,16659,16796,13712.2408,1,6109
3/23/2024,Brand A,USA,38043,17264,23797,3063.7656,5,17549
3/23/2024,Brand D,USA,9181,14690,12152,554.0358,2,10709
3/23/2024,Brand E,USA,9183,15805,31722,0,4,19359
3/23/2024,Brand A,USA,47377,19959,18316,2006.2806,6,11512
3/23/2024,Brand C,USA,33199,5756,30161,13394.757,8,17767
3/23/2024,Brand C,USA,15265,34226,17841,13618.469,1,9309
3/23/2024,Brand A,USA,16616,37173,19257,1109.19,8,12862
3/24/2024,Brand B,USA,28912,26136,18950,13355.79,8,1085
3/24/2024,Brand D,USA,6736,9212,9484,518.7968,9,15355
3/24/2024,Brand D,USA,38056,15190,16169,7906.6477,1,1687
3/24/2024,Brand A,USA,8393,35662,10064,3645.2931,2,17182
3/24/2024,Brand C,USA,8634,22891,38132,13921.0074,1,4590
3/24/2024,Brand E,USA,28149,13928,24239,6877.88,9,4135
3/24/2024,Brand C,USA,24568,24213,10975,13672.7265,3,15466
3/24/2024,Brand E,USA,27018,6538,15708,7239.67,1,12631
3/24/2024,Brand A,USA,19144,10956,5835,6633.1231,9,11335
3/25/2024,Brand D,USA,28736,24282,7329,324.19359,5,19190
3/25/2024,Brand E,USA,6690,38608,15814,674.9,3,12522
3/25/2024,Brand B,USA,8868,35294,16848,11460.1769,8,7815
3/25/2024,Brand A,USA,25848,8558,24307,7551.4179,2,15494
3/25/2024,Brand E,USA,32845,14680,32248,695.77,3,12261
3/25/2024,Brand A,USA,18439,29666,21695,7440.3375,1,7455
3/25/2024,Brand B,USA,29970,15097,16766,9601.536355,10,18835
3/25/2024,Brand D,USA,17093,25352,19971,807.86906,5,12271
3/25/2024,Brand D,USA,28085,28617,32663,7506.1018,6,4133
3/25/2024,Brand A,USA,33580,28926,7586,9294.296,3,10626
3/26/2024,Brand E,USA,49049,25656,11323,9369.85,3,743
3/26/2024,Brand E,USA,31586,23548,39511,6539.83,7,12446
3/26/2024,Brand B,USA,6231,10044,12101,8674.8841,8,13726
3/26/2024,Brand A,USA,6979,25780,26506,6958.1387,4,8220
3/26/2024,Brand E,USA,38707,17809,33524,7237.23,6,9733
3/26/2024,Brand B,USA,37706,15816,23899,9125.005901,6,18421
3/26/2024,Brand A,USA,10462,37008,34968,3023.72,10,8102
3/26/2024,Brand D,USA,30289,27142,23518,2773.05918,6,11390
3/26/2024,Brand E,USA,36482,25331,11952,6742.33,8,5514
3/26/2024,Brand A,USA,41689,31173,25144,3282.49,1,13548
3/27/2024,Brand C,USA,38709,35850,35564,15504.6228,2,206
3/27/2024,Brand C,USA,46254,34638,14062,15268.266,1,9293
3/27/2024,Brand E,USA,11094,13742,15868,4521.39,10,2565
3/27/2024,Brand A,USA,27888,6634,7501,3339.5,9,18384
3/27/2024,Brand D,USA,17129,16262,27054,8250.3582,10,1853
3/27/2024,Brand D,USA,26022,21823,36760,7714.5853,5,6731
3/27/2024,Brand E,USA,40418,5255,10504,6971.13,7,6170
3/27/2024,Brand A,USA,24499,33747,18046,3427.25,9,2394
3/27/2024,Brand C,USA,7167,32972,27412,12019.19812,3,18334
3/28/2024,Brand A,USA,5328,33387,24082,3460.57,5,16078
3/28/2024,Brand E,USA,21571,24474,9326,7844.4,6,4595
3/28/2024,Brand C,USA,42197,20305,5693,10925.03952,1,7768
3/28/2024,Brand E,USA,29194,29001,39365,8556.46,6,8007
3/28/2024,Brand C,USA,28281,34980,27228,11385.2177,4,5329
3/28/2024,Brand A,USA,20058,30998,10470,4150.98,10,12287
3/28/2024,Brand C,USA,11104,38662,38103,12327.10651,5,3121
3/28/2024,Brand A,USA,30505,18173,16130,4243.14,5,5308
3/28/2024,Brand C,USA,26849,6487,37953,12251.58875,4,19374
3/28/2024,Brand E,USA,34075,32770,12459,7308.41,6,10637
3/29/2024,Brand D,USA,18391,22857,22232,8026.1897,7,19255
3/29/2024,Brand D,USA,40307,20850,14400,6271.126305,6,18837
3/29/2024,Brand A,USA,49792,17941,30241,12861.0085,7,9914
3/29/2024,Brand A,USA,41927,7706,9453,4961.54,9,12628
3/29/2024,Brand C,USA,44597,22618,31895,14197.901,7,6516
3/29/2024,Brand E,USA,14365,31818,35502,8042.19,4,7559
3/29/2024,Brand B,USA,21928,36073,38328,6845.34,2,11042
3/29/2024,Brand E,USA,20026,26032,23858,8230.45,3,5606
3/29/2024,Brand C,USA,16452,17772,39171,14603.0558,8,13922
3/29/2024,Brand D,USA,32212,27718,10001,6330.05912,9,7598
3/30/2024,Brand C,USA,43136,15654,34856,14192.0887,7,2026
3/30/2024,Brand E,USA,26051,16631,33965,1909.35,4,2453
3/30/2024,Brand A,USA,27579,22119,21273,5467.32992,3,3851
3/30/2024,Brand E,USA,5142,13572,15195,7775.66,6,9697
3/30/2024,Brand A,USA,16424,18213,38815,4767.61,5,6694
3/30/2024,Brand B,USA,6703,17798,6530,5518.62,1,15578
3/30/2024,Brand D,USA,40947,36014,20213,6321.1084,1,2985
3/30/2024,Brand D,USA,48765,13606,38949,6880.54382,9,13179
3/30/2024,Brand A,USA,35739,16549,27348,5024.93,1,9612
3/31/2024,Brand C,USA,6928,35847,28782,11084.4418,9,465
3/31/2024,Brand E,USA,33398,32081,19491,193.68,2,10056
3/31/2024,Brand B,USA,24505,10886,7197,7667.069362,4,6035
3/31/2024,Brand A,USA,26891,36628,33552,5040.41862,9,3303
3/31/2024,Brand C,USA,12602,34288,31211,11001.3075,4,15886
3/31/2024,Brand D,USA,17827,23374,34984,6270.1442,10,14078
3/31/2024,Brand A,USA,35341,28168,36141,4571.78,10,2805
3/31/2024,Brand D,USA,49174,33921,29042,1042.9708,9,17870
4/1/2024,Brand C,USA,16478,16567,6799,10517.1013,6,16442
4/1/2024,Brand B,USA,37869,33167,21299,7138.155287,4,2894
4/1/2024,Brand A,USA,46965,13846,18712,5352.33,5,11934
4/1/2024,Brand D,USA,45757,19143,35271,477.40176,8,4619
4/1/2024,Brand D,USA,17589,26770,28912,7839.9332,10,9776
4/1/2024,Brand C,USA,13054,20131,9966,17045.46,6,1221
4/1/2024,Brand D,USA,21763,16934,33292,5069.24,3,2595
4/1/2024,Brand A,USA,27919,28472,21429,5341.6745,9,8710
4/1/2024,Brand D,USA,12431,35189,34022,5402.28208,10,15537
4/2/2024,Brand B,USA,19439,22202,32115,6633.74939,4,9766
4/2/2024,Brand A,USA,29263,13718,25864,5077.348729,2,17250
4/2/2024,Brand D,USA,6536,5930,29153,447.66132,9,12287
4/2/2024,Brand A,USA,36960,29248,26726,5087.65,4,16129
4/2/2024,Brand D,USA,26640,21741,20630,598.32488,4,2623
4/2/2024,Brand C,USA,23151,25940,34922,10782.0836,5,10717
4/2/2024,Brand D,USA,14029,25444,10289,7591.10733,6,19254
4/2/2024,Brand B,USA,16875,39942,18139,5989.96,2,10299
4/2/2024,Brand C,USA,37077,33764,5170,10946.026,6,18784
4/3/2024,Brand A,USA,46593,16259,16324,838.99,6,9139
4/3/2024,Brand C,USA,16120,22325,28569,10297.3588,6,5554
4/3/2024,Brand A,USA,19703,14744,34708,1091.17,9,9765
4/3/2024,Brand C,USA,11977,38055,18012,10550.6277,5,15447
4/3/2024,Brand D,USA,34324,11174,8086,8592.7876,1,12906
4/3/2024,Brand D,USA,5373,18507,34243,6946.0178,7,14723
4/3/2024,Brand C,USA,10897,14799,12837,6981.848971,3,16399
4/3/2024,Brand A,USA,41328,9823,19269,1161.39,1,15766
4/3/2024,Brand C,USA,16912,29612,22711,9413.3475,1,16496
4/4/2024,Brand A,USA,27444,27756,7506,1091.43,7,17462
4/4/2024,Brand C,USA,22581,32177,20343,9711.8569,3,2851
4/4/2024,Brand A,USA,16576,37275,26748,1052.59,6,1686
4/4/2024,Brand D,USA,9668,12068,22092,7417.55437,2,5132
4/4/2024,Brand A,USA,26376,31317,36957,727.91,9,16147
4/4/2024,Brand C,USA,42547,27022,8765,9452.865,4,13089
4/4/2024,Brand A,USA,40311,13020,23543,988.51,10,13787
4/4/2024,Brand A,USA,35898,20368,12364,5247.06,3,13274
4/4/2024,Brand C,USA,27095,36104,18278,9701.8105,2,398
4/5/2024,Brand A,USA,42838,24601,30931,6971.58,3,919
4/5/2024,Brand D,USA,36561,29641,5327,6631.116795,8,4293
4/5/2024,Brand D,USA,46607,21966,23173,7034.1089,2,13156
4/5/2024,Brand D,USA,6432,16416,20936,4881.46,3,8249
4/5/2024,Brand A,USA,26568,18469,10828,6890.21,3,14414
4/5/2024,Brand C,USA,38626,27947,24336,11312.1434,4,6915
4/5/2024,Brand B,USA,16276,15120,32861,5617.757761,3,2974
4/5/2024,Brand E,USA,23646,21505,6828,146.49,10,18927
4/5/2024,Brand B,USA,28631,33327,7897,5512.421496,1,12019
4/6/2024,Brand A,USA,43547,29585,38090,7013.86,7,17699
4/6/2024,Brand D,USA,12057,17270,32869,7458.105,2,3755
4/6/2024,Brand A,USA,17426,14898,34606,5458.93,4,17924
4/6/2024,Brand B,USA,30610,14587,20226,5051.690463,7,2185
4/6/2024,Brand E,USA,33418,38531,23117,5837.64,9,4796
4/6/2024,Brand A,USA,36574,8571,6363,6598.05,10,11557
4/6/2024,Brand D,USA,33776,37405,36706,6743.19551,3,12753
4/6/2024,Brand B,USA,12505,31168,35845,8481.8726,3,12521
4/6/2024,Brand E,USA,23759,28813,32203,6494.21,1,1858
4/7/2024,Brand D,USA,22537,20724,27566,7007.3011,1,7385
4/7/2024,Brand B,USA,38030,28989,8135,9258.32194,4,18684
4/7/2024,Brand A,USA,8864,33675,38399,5626.98,1,16734
4/7/2024,Brand B,USA,48073,28385,38039,9595.5894,4,9705
4/7/2024,Brand B,USA,25550,13034,9673,10127.8939,4,1032
4/7/2024,Brand A,USA,49473,5408,31532,6110.22,9,17750
4/7/2024,Brand B,USA,9506,36837,27874,9302.4372,2,18070
4/7/2024,Brand D,USA,15505,16565,26659,7783.5554,7,13980
4/7/2024,Brand B,USA,49802,13023,25448,9672.9333,9,17033
4/8/2024,Brand A,USA,43698,13482,22200,4701.16,3,1465
4/8/2024,Brand B,USA,25354,37853,8804,11968.2458,10,6454
4/8/2024,Brand B,USA,15308,14718,25551,12095.50724,8,2721
4/8/2024,Brand A,USA,29826,32893,30575,6057.07,1,1024
4/8/2024,Brand B,USA,25871,39213,9546,11923.2687,7,17901
4/8/2024,Brand D,USA,7752,16257,27489,8236.9228,4,13232
4/8/2024,Brand C,USA,7365,22025,24032,17723.88,5,17051
4/8/2024,Brand D,USA,40160,5705,5836,4739.6,9,13036
4/8/2024,Brand D,USA,17548,15682,27635,5452.65,1,17201
4/8/2024,Brand E,USA,40317,30838,6195,0,2,2172
4/9/2024,Brand A,USA,7625,25171,17185,6249.15,10,10660
4/9/2024,Brand C,USA,28487,36343,19841,16589.7238,5,539
4/9/2024,Brand E,USA,30532,7665,7543,93.91,2,6082
4/9/2024,Brand A,USA,30551,30290,6095,6189.19,10,18324
4/9/2024,Brand C,USA,20717,22603,14517,16619.0835,4,9332
4/9/2024,Brand D,USA,11867,37014,29639,7920.69754,4,8630
4/9/2024,Brand E,USA,28549,12282,37669,677.25,9,1520
4/9/2024,Brand A,USA,9390,31436,11809,5540.04,7,7323
4/9/2024,Brand C,USA,19360,5682,25415,16791.3325,3,10404
4/9/2024,Brand B,USA,24677,5496,17003,9905.16677,7,7230
4/10/2024,Brand A,USA,31197,24751,20269,5699.48,7,16548
4/10/2024,Brand C,USA,35401,12136,38923,14710.1594,3,16953
4/10/2024,Brand D,USA,36450,25597,30515,8572.2222,1,3938
4/10/2024,Brand D,USA,11236,36196,28393,7486.6109,2,15995
4/10/2024,Brand A,USA,39677,15336,38201,5274.977919,3,17002
4/10/2024,Brand B,USA,21564,10371,21636,9422.439,6,19983
4/10/2024,Brand C,USA,45848,6231,16212,14639.1435,3,12266
4/10/2024,Brand B,USA,30445,14672,31735,10443.8091,5,6408
4/11/2024,Brand A,USA,25344,28033,10122,5848.34,5,17032
4/11/2024,Brand C,USA,11445,36452,35877,14563.107,7,12789
4/11/2024,Brand D,USA,21993,9424,8759,7322.5209,6,12654
4/11/2024,Brand B,USA,44360,35425,33145,9771.3462,1,17549
4/11/2024,Brand A,USA,19991,13249,25312,7256.417074,6,13338
4/11/2024,Brand C,USA,33102,26859,18699,11882.1343,6,7748
4/11/2024,Brand B,USA,46401,20072,9697,9785.1413,3,9046
4/11/2024,Brand A,USA,22382,15432,36456,4568.48,4,17080
4/11/2024,Brand C,USA,11069,10861,15719,13750.721,4,13334
4/12/2024,Brand D,USA,18222,25896,32653,8086.3136,8,9067
4/12/2024,Brand C,USA,11008,14446,15776,16886.16,2,13125
4/12/2024,Brand D,USA,22587,27294,13126,4788.8,7,12285
4/12/2024,Brand B,USA,45788,21459,27964,10000.361,9,10827
4/12/2024,Brand A,USA,25888,5026,13992,7943.512908,3,1504
4/12/2024,Brand B,USA,19120,15817,29019,8423.4675,1,2397
4/12/2024,Brand A,USA,46796,30713,14523,7796.604842,10,7256
4/12/2024,Brand C,USA,30116,32372,11643,9177.7068,5,4306
4/12/2024,Brand B,USA,9784,19667,26116,8962.0779,2,9353
4/13/2024,Brand E,USA,19374,17078,36153,6648.26,5,3567
4/13/2024,Brand C,USA,41164,34593,7974,11452.7066,4,11883
4/13/2024,Brand A,USA,42259,36207,17576,8400.6769,7,17564
4/13/2024,Brand B,USA,34905,34108,19518,7229.5063,8,19065
4/13/2024,Brand B,USA,21770,10457,11342,7269.4982,3,3155
4/13/2024,Brand A,USA,34459,34106,17095,11185.5329,3,15821
4/13/2024,Brand C,USA,30087,13083,20469,11587.3042,6,10106
4/13/2024,Brand E,USA,19529,37253,26768,6661.31,5,3081
4/13/2024,Brand D,USA,42312,34700,36907,7264.23483,2,14132
4/14/2024,Brand A,USA,16656,22803,20964,12324.4341,10,6392
4/14/2024,Brand B,USA,43339,8592,34942,5708.3537,7,15734
4/14/2024,Brand A,USA,40808,20020,35564,13633.0791,7,14723
4/14/2024,Brand A,USA,29186,5203,13594,13945.5734,6,7277
4/14/2024,Brand C,USA,21199,24119,15545,12299.1873,10,13205
4/14/2024,Brand B,USA,24155,32632,6869,5581.3518,1,1621
4/14/2024,Brand D,USA,32315,14429,29838,6761.27553,2,4370
4/14/2024,Brand C,USA,28776,7560,14949,13187.6366,4,9062
4/14/2024,Brand B,USA,15075,29516,24494,5861.2926,1,4222
4/14/2024,Brand A,USA,13658,34811,33675,12717.8455,9,17398
4/15/2024,Brand A,USA,49795,9721,38167,14534.6283,1,15732
4/15/2024,Brand C,USA,23981,34722,39341,11164.7221,9,14006
4/15/2024,Brand B,USA,41834,6990,10009,5160.1843,10,18154
4/15/2024,Brand D,USA,47809,34928,37388,6960.0196,8,3958
4/15/2024,Brand D,USA,6696,17262,35272,7324.9747,5,17655
4/15/2024,Brand D,USA,10469,27697,23416,4961,7,18801
4/15/2024,Brand A,USA,48830,18729,17796,7814.0688,2,16236
4/15/2024,Brand A,USA,42786,22245,33142,6824.2105,6,15143
4/15/2024,Brand D,USA,19225,33475,31412,5824.83,5,11702
4/16/2024,Brand B,USA,8526,29146,11940,4800.2019,9,17941
4/16/2024,Brand A,USA,11244,30388,23446,15104.7015,6,12823
4/16/2024,Brand B,USA,8439,24793,8199,4831.651,2,11872
4/16/2024,Brand D,USA,26361,38617,10694,799.12596,4,8629
4/16/2024,Brand C,USA,34092,23565,6364,11704.36,4,6156
4/16/2024,Brand B,USA,21917,26710,15611,4238.0386,9,18685
4/16/2024,Brand D,USA,23180,24839,27570,7449.1209,10,18024
4/16/2024,Brand A,USA,18710,33930,27991,11181.13546,10,7969
4/16/2024,Brand D,USA,42439,36958,7858,954.3667,1,11611
4/16/2024,Brand A,USA,7592,34055,39291,12047.63,9,3501
4/17/2024,Brand C,USA,29828,28856,36939,11419.389,10,40
4/17/2024,Brand B,USA,31106,20450,15110,4569.3902,6,4022
4/17/2024,Brand A,USA,6694,12877,15111,15198.9165,3,15710
4/17/2024,Brand A,USA,18983,19882,30295,2449.320794,7,14774
4/17/2024,Brand D,USA,49526,34906,16788,571.11957,3,8145
4/17/2024,Brand C,USA,37613,39628,5184,11756.8509,5,18916
4/17/2024,Brand A,USA,16073,35596,32781,9669.79,4,223
4/17/2024,Brand D,USA,33947,27232,19579,7203.0473,10,19205
4/17/2024,Brand D,USA,14819,12257,33401,7621.8511,6,16071
4/17/2024,Brand B,USA,28920,18892,9901,5063.1995,6,8728
4/18/2024,Brand A,USA,25247,14882,23220,12664.848,5,565
4/18/2024,Brand D,USA,20152,13931,13601,517.05066,4,19602
4/18/2024,Brand B,USA,43389,22302,7803,4778.4439,2,18304
4/18/2024,Brand C,USA,31183,14337,32198,12438.9157,8,2280
4/18/2024,Brand D,USA,6758,35389,31908,664.4689,9,15216
4/18/2024,Brand C,USA,10854,26437,9132,11564.6843,3,5409
4/18/2024,Brand B,USA,40741,21455,17720,4003.767,4,9124
4/18/2024,Brand A,USA,37024,17865,12406,8439.28,5,13799
4/18/2024,Brand C,USA,17777,17054,35889,8363.307473,6,5609
4/19/2024,Brand B,USA,24773,32085,13116,3716.87743,4,18258
4/19/2024,Brand D,USA,43351,5626,20144,6827.12026,5,16077
4/19/2024,Brand B,USA,43764,12353,38499,7754.558,5,469
4/19/2024,Brand C,USA,5749,36188,29572,11873.8363,1,18253
4/19/2024,Brand E,USA,43612,35914,25165,5883.37,1,15200
4/19/2024,Brand A,USA,18373,27178,33321,5803.57,5,12053
4/19/2024,Brand D,USA,45935,25781,31134,727.9007,9,13821
4/19/2024,Brand A,USA,9714,14930,8264,5972.78,1,11402
4/19/2024,Brand A,USA,48473,14250,37067,7775.426833,9,11836
4/20/2024,Brand A,USA,47070,18872,31694,5898.98,7,4731
4/20/2024,Brand C,USA,33799,18642,31593,8592.939663,4,19873
4/20/2024,Brand A,USA,20160,34783,22063,7497.03,6,12307
4/20/2024,Brand C,USA,29256,11835,35426,8771.42539,2,5087
4/20/2024,Brand D,USA,26507,35311,15728,7303.00437,9,19945
4/20/2024,Brand D,USA,41894,13544,35387,7760.5773,3,17186
4/20/2024,Brand D,USA,45269,12578,5941,5060.46,8,7866
4/20/2024,Brand E,USA,9160,7486,39997,0,5,11123
4/21/2024,Brand E,USA,12922,20681,20443,6840.99,9,16366
4/21/2024,Brand E,USA,26582,16468,6402,0,3,4215
4/21/2024,Brand A,USA,35340,9974,26298,8259.922507,5,1470
4/21/2024,Brand E,USA,19563,5075,21712,7360.71,6,7769
4/21/2024,Brand B,USA,45406,27258,22073,3597.87,1,12949
4/21/2024,Brand E,USA,44241,30907,10866,0,5,17773
4/21/2024,Brand E,USA,19991,19918,34648,6263.95,10,11876
4/21/2024,Brand A,USA,23886,31978,30534,8523.16,4,2743
4/21/2024,Brand B,USA,10161,12146,21375,3352.927264,6,17659
4/22/2024,Brand A,USA,16955,28904,22146,9482.72,8,2957
4/22/2024,Brand E,USA,9446,30896,30721,4275.8,7,6131
4/22/2024,Brand D,USA,22544,21138,29381,6838.98593,1,19094
4/22/2024,Brand E,USA,28707,35085,9843,6189.04,1,16302
4/22/2024,Brand A,USA,35561,6902,21513,10037.32,9,1561
4/22/2024,Brand A,USA,6863,21884,24891,10307.99,8,7930
4/22/2024,Brand E,USA,29680,5482,31225,6661,4,17515
4/22/2024,Brand C,USA,22773,7800,21424,13085.84029,5,13630
4/22/2024,Brand E,USA,45432,29331,21421,4607.06,1,746
4/23/2024,Brand E,USA,38200,12939,23569,4558.1,1,5158
4/23/2024,Brand A,USA,6234,19543,7202,11216.75,5,1494
4/23/2024,Brand C,USA,49586,35475,7219,11740.53906,7,15414
4/23/2024,Brand E,USA,33693,8902,31666,5454.02,7,6689
4/23/2024,Brand A,USA,49523,8152,11073,11546.59,2,16015
4/23/2024,Brand D,USA,37790,12948,14184,6305.1805,9,15775
4/23/2024,Brand D,USA,48443,38231,14205,7908.8037,8,19786
4/23/2024,Brand B,USA,27418,9852,24876,11406.2078,9,18953
4/23/2024,Brand B,USA,29058,19414,37399,11225.7136,8,1736
4/24/2024,Brand C,USA,24786,28780,20654,10416.51233,4,11161
4/24/2024,Brand E,USA,43196,20286,21066,6959.67,9,8929
4/24/2024,Brand A,USA,25926,28534,21305,10884.42012,8,463
4/24/2024,Brand C,USA,27503,20924,28333,10475.08869,10,15814
4/24/2024,Brand C,USA,46941,26737,15010,13409.617,3,9467
4/24/2024,Brand E,USA,20317,21478,19975,637.86,9,18057
4/24/2024,Brand A,USA,6532,15232,13662,11618.63937,7,5295
4/24/2024,Brand C,USA,35293,20755,17499,11221.5792,6,14487
4/24/2024,Brand E,USA,38122,11609,30537,622.48,3,1218
4/25/2024,Brand D,USA,28734,15273,17411,7209.43145,2,7634
4/25/2024,Brand A,USA,36966,16482,25930,5531.46,5,1850
4/25/2024,Brand A,USA,29591,11978,29122,6040.12,9,1406
4/25/2024,Brand A,USA,47526,11666,6231,12981.3109,9,5718
4/25/2024,Brand C,USA,35494,14141,25016,12272.2759,9,16913
4/25/2024,Brand E,USA,29183,28743,10565,2736.36,9,12571
4/25/2024,Brand A,USA,26720,26920,30583,14775.6028,3,523
4/25/2024,Brand A,USA,42696,34331,12483,5572.52,6,18161
4/26/2024,Brand C,USA,40642,37243,37964,12831.3697,3,12124
4/26/2024,Brand E,USA,28514,21935,21374,5850.07,1,2960
4/26/2024,Brand B,USA,17669,8994,25300,8903.2002,3,5586
4/26/2024,Brand A,USA,19866,27815,30234,15571.0724,6,1711
4/26/2024,Brand D,USA,35388,31852,13381,6910.70531,6,1037
4/26/2024,Brand D,USA,18906,25087,39505,6652.1777,1,12515
4/26/2024,Brand C,UAE,45058,12315,8892,3929.9801,1,2074
4/26/2024,Brand D,UAE,17100,7302,11743,6557.85,9,13833
4/26/2024,Brand A,UAE,44757,23699,35029,6051.54,5,7092
4/27/2024,Brand B,UAE,14525,21186,37578,6771.0131,7,8027
4/27/2024,Brand E,UAE,49657,14856,5228,555.53,4,17950
4/27/2024,Brand C,UAE,20933,22793,15421,11802.6846,7,5581
4/27/2024,Brand E,UAE,29437,37542,27731,5387.97,10,965
4/27/2024,Brand B,UAE,40135,24246,36795,8744.5062,6,15795
4/27/2024,Brand A,UAE,38160,6355,18611,15475.9146,5,13317
4/27/2024,Brand A,UAE,7566,22815,16339,6786.6,4,205
4/27/2024,Brand E,UAE,36477,22774,30860,5121.97,2,15155
4/27/2024,Brand B,UAE,22483,8647,19144,8116.4023,6,13420
4/28/2024,Brand A,UAE,46401,17436,24148,14016.0097,6,5885
4/28/2024,Brand C,UAE,15181,28916,38083,12602.5474,10,3130
4/28/2024,Brand D,UAE,29792,39664,29673,7252.6711,6,18069
4/28/2024,Brand C,UAE,47378,23912,6359,11957.92,10,14156
4/28/2024,Brand C,UAE,28611,31522,20207,9701.8528,4,9066
4/28/2024,Brand E,UAE,14605,15129,30444,5090.33,3,19207
4/28/2024,Brand B,UAE,34216,29979,26296,9245.2954,4,18097
4/28/2024,Brand A,UAE,37283,22296,9186,15666.8368,1,17188
4/28/2024,Brand C,UAE,33659,6074,34842,13826.8017,3,12621
4/29/2024,Brand C,UAE,16385,19502,16181,9095.2357,3,15114
4/29/2024,Brand E,UAE,45932,6295,38832,5326.11,2,5276
4/29/2024,Brand D,UAE,27009,11888,19802,6910.6422,10,5748
4/29/2024,Brand B,UAE,23415,34510,22106,9681.7574,2,1950
4/29/2024,Brand A,UAE,28322,31257,38594,16874.3182,1,4900
4/29/2024,Brand D,UAE,7722,22065,37250,6711.22718,3,18417
4/29/2024,Brand C,UAE,30542,29311,16783,19681.862,8,11657
4/29/2024,Brand D,UAE,46504,39741,14351,8426.9759,1,11443
4/29/2024,Brand A,UAE,38625,17216,35081,1084.13,2,14855
4/30/2024,Brand C,UAE,49382,9782,23588,13473.8612,2,8926
4/30/2024,Brand E,UAE,10120,23592,21003,5337.47,5,9626
4/30/2024,Brand B,UAE,27781,34839,32825,9476.3115,9,19728
4/30/2024,Brand A,UAE,31174,29805,15087,16773.239,9,246
4/30/2024,Brand B,UAE,17049,12058,16368,6654.83,7,19084
4/30/2024,Brand C,UAE,9424,26409,22080,13856.2562,6,17601
4/30/2024,Brand B,UAE,19778,35606,6245,7862.4366,10,261
4/30/2024,Brand A,UAE,40812,6185,28897,2918.12,9,975
4/30/2024,Brand E,UAE,9947,10345,5179,3020.71,8,2139
5/1/2024,Brand A,UAE,31153,8536,33668,14539.7763,6,456
5/1/2024,Brand D,UAE,42221,24013,30450,7002.35047,2,19366
5/1/2024,Brand C,UAE,23179,23963,36684,11430.7637,6,15728
5/1/2024,Brand C,UAE,39225,28232,20946,13338.1929,5,4370
5/1/2024,Brand E,UAE,30313,18145,21821,1036.67,6,3486
5/1/2024,Brand A,UAE,44478,5518,21725,16524.78,3,5628
5/1/2024,Brand B,UAE,15406,13314,34995,5273.4256,6,4990
5/1/2024,Brand C,UAE,26153,25816,5633,10739.7433,5,5097
5/1/2024,Brand C,UAE,28258,13452,13987,14647.9848,10,19448
5/1/2024,Brand E,UAE,23474,32103,37106,2937.98,2,19551
5/2/2024,Brand E,UAE,45857,28457,5440,7131.04,3,2107
5/2/2024,Brand A,UAE,5938,33581,16912,11459.7176,10,9679
5/2/2024,Brand B,UAE,43911,35190,26866,4973.2117,1,18327
5/2/2024,Brand D,UAE,31141,6587,31548,7086.28708,4,10377
5/2/2024,Brand D,UAE,23213,33014,7831,6731.4523,4,18537
5/2/2024,Brand D,UAE,43804,8420,38698,5681.07,3,12628
5/2/2024,Brand E,UAE,7591,8413,34328,6722.75,3,2497
5/2/2024,Brand D,UAE,25976,17341,9794,465.7778,5,18232
5/3/2024,Brand C,UAE,12421,14033,37309,15874.1886,7,14573
5/3/2024,Brand E,UAE,46776,21090,12458,8983.83,5,13234
5/3/2024,Brand B,UAE,34602,13340,36978,4430.3825,9,11650
5/3/2024,Brand A,UAE,37647,25881,9561,9350.6084,7,4004
5/3/2024,Brand C,UAE,32405,38283,7137,11399.8905,6,10003
5/3/2024,Brand E,USA,17852,18284,36757,8873.23,7,14480
5/3/2024,Brand B,USA,40015,21113,22624,5468.9657,4,11606
5/3/2024,Brand A,USA,31871,13099,37740,8877.71264,3,6879
5/3/2024,Brand E,USA,17983,11816,25843,5343.93,1,10542
5/4/2024,Brand D,USA,43816,38821,33656,7011.92745,2,7529
5/4/2024,Brand C,USA,28156,27784,26924,14160.7108,3,19094
5/4/2024,Brand A,USA,9999,27952,32338,5076,8,19951
5/4/2024,Brand B,USA,16164,14852,9178,5085.7049,8,5328
5/4/2024,Brand A,USA,33985,32061,35401,8138.37105,2,18677
5/4/2024,Brand E,USA,29885,28176,5896,5772.64,7,540
5/4/2024,Brand B,USA,23800,30336,15128,5771.2203,2,18071
5/4/2024,Brand A,USA,14794,28596,14118,5267.38,8,8394
5/4/2024,Brand A,USA,44633,12631,23098,8456.001676,8,13445
5/4/2024,Brand E,USA,48107,20870,21688,3097.64,1,17151
5/5/2024,Brand B,USA,35994,17684,28180,3796.06,8,8902
5/5/2024,Brand A,USA,9598,33827,33548,13122.89105,10,12727
5/5/2024,Brand D,USA,7616,28873,36116,7312.36926,3,13350
5/5/2024,Brand D,USA,16916,6141,30041,7047.5368,8,10783
5/5/2024,Brand B,USA,10958,27395,31887,7308.793276,5,8051
5/5/2024,Brand E,USA,43797,37882,6723,1995.31,8,19387
5/5/2024,Brand E,USA,32015,13062,31429,7362.32,9,4891
5/5/2024,Brand A,USA,22386,25403,32336,14817.10856,10,15574
5/6/2024,Brand B,USA,17853,14682,37512,3666.76,6,2276
5/6/2024,Brand E,USA,17802,37038,26755,6561.37,2,16122
5/6/2024,Brand A,USA,29214,24470,26288,3542.32,3,7430
5/6/2024,Brand A,USA,28298,28513,21834,17047.29137,9,18778
5/6/2024,Brand B,USA,45159,22731,38873,1229.24,8,916
5/6/2024,Brand E,USA,20000,5285,32427,7193.45,10,10031
5/6/2024,Brand E,USA,34931,11681,30315,7004.1,10,16893
5/6/2024,Brand A,USA,13048,39222,17820,18029.65855,5,963
5/6/2024,Brand D,USA,21210,19180,35405,7272.15666,8,5011
5/6/2024,Brand C,USA,38239,33047,37564,15565.7774,10,7024
5/7/2024,Brand E,USA,6119,13265,14464,8215.87,8,15594
5/7/2024,Brand A,USA,39543,23994,7810,20692.3673,2,482
5/7/2024,Brand E,USA,49888,14942,12618,892.09,4,6049
5/7/2024,Brand A,USA,15452,20572,16877,24876.3272,5,17190
5/7/2024,Brand A,USA,46573,35932,14176,3397.79,6,14999
5/7/2024,Brand B,USA,28165,10573,11776,0,4,10043
5/7/2024,Brand E,USA,49043,23216,20769,939.74,2,1808
5/7/2024,Brand C,USA,21805,10502,37827,15654.5363,7,9661
5/7/2024,Brand A,USA,7307,31695,17588,24262.3419,7,17857
5/8/2024,Brand C,USA,28763,9809,28423,16950.7564,3,4251
5/8/2024,Brand D,USA,16587,13198,33529,6747.85436,2,5464
5/8/2024,Brand D,USA,14821,22437,13435,6602.1435,9,3154
5/8/2024,Brand D,USA,36492,30275,16772,6082.22,8,8905
5/8/2024,Brand D,USA,36222,17545,37099,6158.4,5,16148
5/8/2024,Brand D,USA,25438,24538,35452,5270.36,9,5979
5/8/2024,Brand C,USA,13257,39303,11283,14172.8472,3,19081
5/8/2024,Brand C,USA,28746,5036,15634,13228.5224,6,9202
5/8/2024,Brand E,USA,30332,12754,39665,0,3,8054
5/8/2024,Brand A,USA,8669,34933,15142,24675.8164,10,12676
5/9/2024,Brand C,USA,19874,10850,19005,14232.3369,3,2984
5/9/2024,Brand C,USA,40168,35176,27450,18921.2795,1,18185
5/9/2024,Brand E,USA,49603,33561,34842,1168.54,7,17436
5/9/2024,Brand C,USA,20281,9475,30272,14134.6407,4,5015
5/9/2024,Brand A,USA,47858,23757,31572,21062.55867,4,17029
5/9/2024,Brand B,USA,23290,28625,37861,0,9,19632
5/9/2024,Brand C,USA,15145,19334,33072,19731.8206,2,2060
5/9/2024,Brand E,USA,9979,6395,20868,958.81,4,9762
5/9/2024,Brand D,USA,40343,5523,10459,6509.32025,7,1354
5/9/2024,Brand A,USA,5522,9216,10637,6607.0307,4,3011
5/10/2024,Brand A,USA,19983,9716,7729,2601.5879,2,342
5/10/2024,Brand B,USA,37240,19763,28737,1386.0889,7,2039
5/10/2024,Brand C,USA,22416,15696,24408,13528.0028,2,15345
5/10/2024,Brand E,USA,15283,28132,28625,733.77,6,10037
5/10/2024,Brand B,USA,20930,25164,18763,435.9351,7,2593
5/10/2024,Brand A,USA,25704,35424,13324,644.3104,7,14237
5/10/2024,Brand A,USA,14981,32841,6015,7090.2389,8,1195
5/10/2024,Brand C,USA,32210,28389,30895,17897.4487,10,17776
5/10/2024,Brand E,USA,19737,33451,27336,7422,2,16787
5/11/2024,Brand B,USA,48665,7039,32974,2676.05178,7,17268
5/11/2024,Brand E,USA,40107,9235,37687,4442,5,1651
5/11/2024,Brand D,USA,41289,27314,24449,7264.9217,3,14279
5/11/2024,Brand C,USA,22312,17483,14948,14093.1739,5,8470
5/11/2024,Brand E,USA,44975,29537,25160,6206.29,6,12395
5/11/2024,Brand A,USA,32801,12315,34678,1890.72036,7,11373
5/11/2024,Brand C,USA,30716,30350,39619,16103.4262,8,10468
5/11/2024,Brand E,USA,24654,16824,7712,5397.81,9,18655
5/11/2024,Brand B,USA,27255,27502,35105,4652.23528,9,18639
5/12/2024,Brand C,USA,29697,37640,31973,12206.9603,3,7104
5/12/2024,Brand A,USA,29632,20418,27804,1931.87065,2,2858
5/12/2024,Brand C,USA,31600,13444,21058,15593.3467,9,15750
5/12/2024,Brand E,USA,25633,21216,34008,6603.83,7,745
5/12/2024,Brand A,USA,20776,17409,10586,6549.70835,1,5692
5/12/2024,Brand D,USA,44573,30192,8197,7763.75045,9,15746
5/12/2024,Brand A,USA,19592,21411,32004,5893.58,5,18065
5/12/2024,Brand E,USA,5619,7953,16120,8064.39,2,15726
5/12/2024,Brand B,USA,16105,36481,32616,957.59344,1,952
5/12/2024,Brand C,USA,12682,30136,21794,16670.2151,3,8584
5/13/2024,Brand E,USA,32495,5557,30432,1960.78,1,11901
5/13/2024,Brand B,USA,27914,15964,22946,6382.34066,2,2202
5/13/2024,Brand A,USA,10532,29272,7888,5889.54,1,10474
5/13/2024,Brand A,USA,15241,28018,16218,3594.17606,7,14544
5/13/2024,Brand C,USA,34856,25571,32367,16882.2312,7,6940
5/13/2024,Brand E,USA,26076,38223,32970,7963.37,7,16098
5/13/2024,Brand B,USA,45417,31048,23466,6742.92703,2,1705
5/13/2024,Brand D,USA,42036,30806,18706,7999.53198,8,19616
5/13/2024,Brand D,USA,35173,24414,7216,6180.4279,6,15407
5/13/2024,Brand C,USA,5030,7505,16614,3364.65,8,8642
5/14/2024,Brand A,USA,37786,25741,5488,5342.81,1,2981
5/14/2024,Brand D,USA,30464,27359,17026,4129.75,7,18144
5/14/2024,Brand A,USA,47413,13610,12208,7380.9463,5,14400
5/14/2024,Brand E,USA,34323,18672,13413,7575.42,4,8251
5/14/2024,Brand B,USA,38744,24702,20931,9192.658291,3,19637
5/14/2024,Brand B,USA,43040,20251,9103,6521.36724,8,10273
5/14/2024,Brand C,USA,12462,12594,5893,16891.363,9,11818
5/14/2024,Brand B,USA,29886,8237,31859,9189.964026,7,6500
5/15/2024,Brand A,USA,44551,31667,34774,9214.2685,6,7956
5/15/2024,Brand E,USA,38127,32234,26728,9071.95,1,19580
5/15/2024,Brand A,USA,7265,15092,13549,9222.4141,8,5476
5/15/2024,Brand B,USA,6828,20299,6879,6525.24615,6,267
5/15/2024,Brand C,USA,40601,23628,5837,11566.9147,6,10416
5/15/2024,Brand A,Singapore,36331,7447,36941,0,7,5012
5/15/2024,Brand E,USA,28058,17392,25625,7424.65,2,2271
5/15/2024,Brand A,USA,38428,21781,30554,8382.9878,8,7022
5/15/2024,Brand B,Singapore,30388,10389,27176,0,4,4535
5/16/2024,Brand B,USA,43951,39393,21452,5901.6211,7,277
5/16/2024,Brand C,USA,35568,11312,21063,7535.846912,10,9696
5/16/2024,Brand A,Singapore,28068,28640,38345,0,9,8328
5/16/2024,Brand B,USA,33665,12178,29345,6394.6196,8,4624
5/16/2024,Brand E,USA,40308,6911,39870,0,4,15950
5/16/2024,Brand A,USA,23990,28729,5295,10004.29106,5,5502
5/16/2024,Brand B,USA,26351,33237,5981,5965.46176,7,7823
5/16/2024,Brand E,USA,35221,9941,32182,5774.86,1,804
5/16/2024,Brand D,USA,22543,16035,26449,5475.1141,7,4810
5/16/2024,Brand A,Singapore,42306,19696,38068,0,4,13015
5/17/2024,Brand E,USA,44957,26468,15996,8025.88,5,14224
5/17/2024,Brand A,USA,33078,16770,12884,10047.2603,10,2919
5/17/2024,Brand B,USA,14717,34509,12706,6046.8909,4,19327
5/17/2024,Brand A,USA,5797,22410,23967,10748.7274,9,19338
5/17/2024,Brand E,USA,27165,31503,27911,6111.71,6,17392
5/17/2024,Brand E,USA,42474,6305,15130,5464.1,2,18268
5/17/2024,Brand B,USA,42625,37050,14345,5028.85298,6,1671
5/17/2024,Brand A,USA,47644,10633,18517,8271.12945,5,11639
5/17/2024,Brand B,USA,27097,14013,12194,4621.76672,8,16013
5/18/2024,Brand A,USA,14679,20015,30851,10583.5017,3,11617
5/18/2024,Brand D,USA,36783,38074,10750,7735.95866,10,1309
5/18/2024,Brand E,USA,25123,7606,10118,6631.4,8,12721
5/18/2024,Brand C,USA,20848,16769,10250,7995.99,8,19181
5/18/2024,Brand E,USA,37562,14789,27919,6129.66,3,13484
5/18/2024,Brand B,USA,38476,29556,8639,5204.86795,4,12948
5/18/2024,Brand A,USA,27251,20015,12802,11409.6738,2,11242
5/18/2024,Brand C,USA,12715,29181,20991,8492.7733,8,955
5/18/2024,Brand C,USA,7822,20553,18535,7492.1,2,18458
5/19/2024,Brand B,USA,12546,20019,8406,5217.89129,8,8507
5/19/2024,Brand E,USA,45672,26195,21873,745.26,10,4251
5/19/2024,Brand A,USA,23579,25023,23934,10271.472,8,16927
5/19/2024,Brand C,USA,17999,34354,14470,7822.829281,5,9147
5/19/2024,Brand E,USA,20906,16315,27251,6494.22,10,784
5/19/2024,Brand D,USA,48202,24471,18876,5281.0237,4,92
5/19/2024,Brand A,USA,26378,29010,19208,3037.4271,10,14878
5/19/2024,Brand A,USA,19655,17767,26517,6616.5447,8,13314
5/19/2024,Brand B,USA,37348,22855,22304,4301.35,5,3609
5/20/2024,Brand B,USA,14754,25339,34113,6057.71,2,8280
5/20/2024,Brand B,USA,35288,35197,26400,10372.96,4,7832
5/20/2024,Brand E,USA,32650,28467,26551,787.47,1,11872
5/20/2024,Brand A,USA,47296,8278,34701,8080.131517,7,3537
5/20/2024,Brand B,USA,33268,30086,19021,4854.99426,5,9614
5/20/2024,Brand C,USA,45874,27336,11864,7584.89252,1,7085
5/20/2024,Brand C,USA,9029,24350,16512,9502.16,9,3617
5/20/2024,Brand E,USA,10628,7285,6874,6141.29,3,11524
5/20/2024,Brand A,USA,23862,23465,32150,8355.3,10,14562
5/21/2024,Brand B,USA,28017,18285,22819,4825.21255,4,15259
5/21/2024,Brand C,USA,23880,14799,24326,7757.032448,1,18949
5/21/2024,Brand D,USA,46507,35328,10254,7948.95916,7,19497
5/21/2024,Brand B,USA,32710,29098,26286,3667.69,6,883
5/21/2024,Brand E,USA,26855,17405,31427,4000.18,4,14994
5/21/2024,Brand E,USA,49408,8405,22398,7612.92,3,19261
5/21/2024,Brand A,USA,46473,11294,19073,6384.249916,8,6409
5/21/2024,Brand B,USA,47992,18497,30377,4585.917495,5,12478
5/21/2024,Brand C,USA,34319,11569,37954,5110.28879,6,17572
5/21/2024,Brand E,USA,22644,29844,19719,6550.39,7,1334
5/22/2024,Brand E,USA,10724,8002,38088,8420.55,2,1075
5/22/2024,Brand B,USA,48871,12837,8392,4575.729613,2,593
5/22/2024,Brand C,USA,5121,21906,34178,3559.495235,10,17595
5/22/2024,Brand E,USA,21435,25539,38886,8000.53,2,6744
5/22/2024,Brand B,USA,37565,7395,37704,5426.08376,7,14996
5/22/2024,Brand C,USA,24658,6008,28071,13177.873,1,15864
5/22/2024,Brand E,USA,46193,39772,21277,6690.2,9,14767
5/22/2024,Brand B,USA,42763,23284,34469,10903.01,9,15151
5/22/2024,Brand B,USA,42520,21750,19317,4626.74124,9,7359
5/22/2024,Brand D,USA,45167,27928,20657,4913.44,1,14985
5/23/2024,Brand C,USA,37641,26659,30694,3885.258153,8,11911
5/23/2024,Brand E,USA,32065,5144,24100,8270.29,6,17339
5/23/2024,Brand C,USA,26497,38956,21537,15544.25,4,16577
5/23/2024,Brand B,USA,9830,28656,28250,5297.56323,3,9434
5/23/2024,Brand C,USA,31286,28772,26753,3407.0955,9,19535
5/23/2024,Brand E,USA,21921,25676,18463,5491.59,7,18941
5/23/2024,Brand E,USA,26688,8999,14451,795.82,2,7893
5/23/2024,Brand B,USA,17316,26500,13206,5910.76432,5,15272
5/23/2024,Brand D,USA,24683,17941,26205,5854.91014,8,11573
5/24/2024,Brand B,USA,23367,28821,26011,6731.61,6,19011
5/24/2024,Brand D,USA,34591,35279,29181,4892.12,7,5074
5/24/2024,Brand C,USA,24215,12055,9262,3293.971745,9,2833
5/24/2024,Brand E,USA,24362,6223,37400,785.86,10,4389
5/24/2024,Brand B,USA,33152,31780,22711,5578.83111,2,18970
5/24/2024,Brand E,USA,12667,33093,28600,6677.95,3,15613
5/24/2024,Brand C,USA,15876,39943,11546,6284.2044,10,13077
5/24/2024,Brand E,USA,6674,37177,20334,802.35,4,11665
5/25/2024,Brand C,USA,15438,22630,31474,17544.51,9,6905
5/25/2024,Brand B,USA,34669,8838,22401,5372.5986,10,3555
5/25/2024,Brand A,USA,24627,25969,27539,11138.77725,5,3328
5/25/2024,Brand D,USA,38261,17183,38535,5138.23844,8,1514
5/25/2024,Brand D,USA,11822,30609,20067,5858.2063,7,9817
5/25/2024,Brand D,USA,19575,6875,20512,5403.63,10,11802
5/25/2024,Brand E,USA,20415,24436,13278,5433.72,9,9380
5/25/2024,Brand B,USA,10639,35471,9503,7712.99,10,8975
5/25/2024,Brand C,USA,9039,33644,20353,5996.8418,9,12119
5/25/2024,Brand E,USA,45444,16857,33327,967.58,1,6600
5/26/2024,Brand B,USA,41371,8446,8642,5672.45548,4,3149
5/26/2024,Brand C,USA,44844,31613,7325,6063.1467,3,16954
5/26/2024,Brand C,USA,9402,27021,35556,21950.42,10,2536
5/26/2024,Brand E,USA,12186,7484,15261,6623.52,2,10967
5/26/2024,Brand A,USA,26922,30296,37479,10868.1887,6,5513
5/26/2024,Brand B,USA,17335,19219,13988,5068.31439,9,11794
5/26/2024,Brand C,USA,24863,29972,15944,5765.698,5,13561
5/26/2024,Brand C,USA,21460,13127,19763,12286.4609,10,10905
5/26/2024,Brand C,USA,38873,29304,17569,13134.95,6,2509
5/26/2024,Brand E,USA,17665,24345,20049,6610.64,6,5801
5/27/2024,Brand E,USA,16518,13421,31901,11315.98,10,17646
5/27/2024,Brand A,USA,42380,22627,34163,8219.2144,6,18518
5/27/2024,Brand B,USA,46268,25881,37073,8646.06,1,9698
5/27/2024,Brand B,USA,46458,6780,20403,4408.8199,7,18401
5/27/2024,Brand C,USA,47580,27229,36703,5639.5767,5,2640
5/27/2024,Brand E,USA,33752,39759,36541,6052.83,10,19521
5/27/2024,Brand A,USA,12998,8090,22946,4189.6383,9,14305
5/27/2024,Brand E,USA,39359,31885,22182,387.01,7,18
5/27/2024,Brand E,USA,29079,33918,19620,4348.69,4,5212
5/28/2024,Brand B,USA,21865,37394,19238,4342.16484,6,19153
5/28/2024,Brand C,USA,37803,10577,23220,5295.413,1,17666
5/28/2024,Brand D,USA,8510,24932,19124,4932.39613,7,8375
5/28/2024,Brand D,USA,14041,23138,37980,5650.50364,5,15566
5/28/2024,Brand E,SA,32655,27255,29616,4741.55,2,10101
5/28/2024,Brand E,SA,39767,15403,33552,368.81,10,1515
5/28/2024,Brand A,SA,37967,34145,5216,4414.275417,10,5530
5/28/2024,Brand C,SA,7480,36983,29787,7232.37,5,19300
5/28/2024,Brand B,SA,43246,14399,8303,4837.29396,3,18832
5/29/2024,Brand E,SA,38435,10114,24509,373.93,8,10846
5/29/2024,Brand B,SA,18225,32588,9907,6175.99,8,15885
5/29/2024,Brand A,SA,41306,35708,11271,541.56726,10,13007
5/29/2024,Brand B,SA,25439,20107,38354,4465.0663,6,2574
5/29/2024,Brand C,SA,46427,20219,24323,3213.05,8,3322
5/29/2024,Brand A,SA,32714,7959,12836,6943.3327,1,10231
5/29/2024,Brand D,SA,20170,26455,16314,5183.8453,1,19045
5/29/2024,Brand E,SA,17711,28796,20511,55.79,2,8231
5/29/2024,Brand E,SA,38749,11248,37510,442.45,10,667
5/30/2024,Brand B,SA,30623,18027,32718,4802.53203,9,19073
5/30/2024,Brand B,SA,21364,24207,32195,9642.7,1,11896
5/30/2024,Brand E,SA,27697,8795,25217,145.08,1,6601
5/30/2024,Brand B,SA,32091,19599,22779,5065.25147,4,10965
5/30/2024,Brand E,SA,25960,18011,37838,0,6,9549
5/30/2024,Brand C,SA,19074,14458,8372,3393.39,10,13621
5/30/2024,Brand E,SA,18904,23445,30908,121.39,10,564
5/30/2024,Brand A,SA,24025,6534,28975,13790.8583,9,12470
5/31/2024,Brand B,SA,12095,34592,9524,5370.92326,8,4704
5/31/2024,Brand C,SA,15724,5858,22180,12160.5958,8,19130
5/31/2024,Brand D,SA,13650,27895,30783,4843.74,10,14241
5/31/2024,Brand D,SA,36399,25931,35507,5312.62,4,19338
5/31/2024,Brand D,SA,39310,9488,19933,6538.48,5,1201
5/31/2024,Brand A,SA,10677,23560,37284,6346.6668,6,13367
5/31/2024,Brand D,SA,33782,23298,36346,5369.5,8,1675
5/31/2024,Brand E,SA,24212,13746,23728,4710.94,4,7544
5/31/2024,Brand B,India,25114,18594,31592,0,8,12202